2938 3932
400 2834 421 2862 Ι·’
426 2845 445 2862 o

448 2834 486 2862 1-3

489 2837 552 2865 ἕλει.

600 415 665 462 84
1097 405 1546 459 REGISTRUM
1583 403 1921 456 PRIORAT
1930 405 2015 456 US

601 559 720 609 ergo
741 542 946 592 omnino
969 540 1234 591 hominum
1256 538 1403 588 liceat
1424 536 1552 586 hanc
1573 537 1809 604 paginam
1826 540 1916 587 n'fe
1931 535 2330 587 confirmationis
2342 538 2522 588 infrin-

600 646 748 708 gere3
770 653 804 692 ’ἱ
836 641 882 690 ei
914 640 1035 689 ausu
1069 636 1331 688 temerario
1363 636 1607 685 contraire
1626 636 1710 686 -si
1744 637 1865 702 quis
1887 642 2060 685 autem
2094 635 2189 685 hoc
2221 641 2521 702 attemptare

600 739 944 807 presumpserit
964 742 979 788 3
1000 735 1398 802 indignationem
1421 735 1788 801 omnipotentis
1796 735 1943 785 dei-'t
1960 735 2145 796 beatoip
2160 736 2309 801 ·petri
2329 745 2363 785 't
2382 735 2523 800 pauli

600 842 750 905 apim}
772 837 885 887 eius
897 837 945 885 se
967 836 1165 885 nouerit
1187 834 1503 884 incursurum
1521 862 1533 875 ·
1556 834 1682 884 Dat·
1708 833 1908 884 Verone
1929 851 2028 884 -xv
2045 862 2056 876 ·
2077 834 2134 883 ki
2155 862 2165 874 ·
2183 833 2420 884 februarii
2439 863 2450 877 ·

597 1135 745 1186 Bulla
768 1135 915 1201 Lucij
940 1150 1067 1202 pape

596 1304 823 1385 Lucius
836 1333 925 1399 ciis
938 1333 1113 1382 seruus
1125 1332 1302 1391 seruoiz
1328 1331 1409 1379 dei
1427 1359 1438 1372 ·
1456 1328 1655 1379 dilectis
1667 1328 1788 1378 filiis
1798 1356 1809 1368 ·
1829 1328 1950 1395 p'ori
1985 1340 2020 1380 *t
2053 1331 2305 1380 canonicis
2327 1330 2523 1397 regula-

597 1431 698 1494 rib3
745 1432 894 1481 ecciie
938 1432 1090 1480 sancti
1130 1430 1311 1479 andree
1351 1429 1403 1477 in
1449 1428 1643 1478 Scotia3
1665 1427 1767 1478 Sal}
1787 1455 1799 1468 ·
1821 1437 1856 1477 ‘t
1895 1429 2051 1494 apiica
2089 1428 2487 1479 benedictionem
2506 1458 2518 1469 ·

597 1535 804 1589 Quanto
845 1531 1087 1579 deuotius
1121 1527 1451 1578 ecclesiasticis
1487 1526 1736 1576 institutis
1770 1526 2044 1593 disciplinis
2054 1555 2066 1568 ·
2085 1538 2119 1577 'z
2156 1528 2248 1578 sub
2285 1528 2529 1594 regularis

594 1631 904 1679 obseruantie
925 1630 1145 1696 puritate
1168 1628 1477 1677 sinceriorem
1501 1625 1755 1677 exhibetis
1778 1626 1986 1675 domino
2018 1626 2321 1677 famulatum
2343 1631 2357 1678 3
2376 1634 2521 1676 tanto

595 1729 743 1778 uobis
769 1729 999 1806 'amplius
1030 1728 1250 1793 apiicum
1290 1726 1441 1775 debet
1480 1724 1600 1775 adee
1637 1724 1907 1791 presidium
1931 1753 1942 1764 ·
1960 1725 2097 1791 quod
2139 1736 2174 1775 ’τ
2213 1726 2520 1791 presentium

593 1829 946 1893 grauaminum
984 1826 1302 1875 incommoda
1336 1824 1529 1874 releuet
1563 1834 1598 1874 *t
1632 1826 1816 1873 ecciam
1851 1827 1996 1873 uram
2030 1823 2217 1873 illesam
2250 1825 2460 1891 penitus
2482 1835 2517 1873 ‘t

555 1961 559 1963 Α
592 1927 918 1992 indempnem
942 1943 971 1974 a
993 1925 1401 1990 supuenientium
1426 1923 1714 1979 turbatione
1736 1922 1905 1983 maloi}
1929 1939 1986 1971 ea
2009 1939 2111 1989 qua
2143 1923 2371 1989 preualet
2404 1940 2519 1990 pro-

592 2025 781 2074 uisione
821 2026 1108 2074 conseruet·
1132 2024 1193 2072 In
1232 2022 1415 2089 primis
1442 2022 1604 2088 igitur
1627 2021 1692 2070 ad
1729 2025 1821 2071 ufe
1861 2022 2119 2087 pauptatis
2141 2022 2523 2075 incommodum

594 2124 863 2174 releuandfi
881 2128 894 2173 3
914 2124 1218 2190 presentium
1238 2122 1387 2172 uobis
1400 2122 1700 2172 auctoritate
1717 2121 2047 2171 concedimus
2055 2149 2068 2163 ·
2087 2127 2148 2171 ut
2171 2121 2235 2171 de
2258 2122 2406 2171 terris
2420 2123 2524 2171 uiis

593 2225 721 2289 quas
747 2224 908 2289 ppt-iis
937 2222 1133 2285 manib3
1173 2228 1263 2271 aut
1300 2221 1546 2287 sumptib3
1587 2220 1754 2270 colitis
1762 2225 1775 2270 3
1797 2221 1989 2270 nemini
2024 2219 2246 2270 decimas
2284 2221 2519 2271 exoluere

594 2323 818 2372 debeatis
828 2352 839 2363 ·
860 2322 1171 2370 Ordinamus
1195 2321 1338 2384 insup
1374 2331 1407 2370 ’ἲ
1444 2321 1602 2386 aplica
1635 2320 1935 2369 auctoritate
1967 2319 2248 2370 decernim9
2267 2349 2278 2360 ·
2296 2327 2357 2370 ut
2379 2321 2520 2372 dece-

595 2423 746 2471 dente
770 2422 852 2470 s'eu
878 2420 1105 2487 quolibet
1127 2419 1280 2469 modo
1303 2420 1512 2469 cedente
1532 2448 1542 2460 ·
1561 2418 1831 2468 venerabili
1863 2418 1945 2468 fre
1977 2421 2069 2469 n⁴r⁹o
2101 2419 2317 2470 iohanne
2333 2449 2344 2460 -
2365 2420 2515 2470 Dun-

595 2520 776 2569 keldeii
813 2521 906 2585 epo
941 2519 1149 2568 liberam
1188 2514 1666 2567 administrationem
1700 2520 1868 2578 ecciau
1902 2521 2027 2579 ufaig
2051 2519 2181 2584 quas
2204 2519 2285 2584 513³
2317 2520 2514 2586 optinet

597 2619 822 2669 habeatis
829 2647 840 2659 ·
860 2635 953 2668 nec
974 2618 1135 2667 obstet
1157 2617 1307 2667 uobis
1319 2617 1641 2683 aliquatenus
1654 2618 1707 2666 in
1730 2617 1965 2667 futurum
1987 2617 2057 2684 qd
2080 2619 2126 2667 ei
2152 2618 2345 2684 prefate
2366 2620 2518 2669 ecciie

599 2719 810 2768 obtentu
857 2718 997 2783 pacis
1033 2718 1164 2765 inter
1195 2716 1298 2781 iiim
1336 2727 1369 2765 ’ἲ
1403 2715 1738 2765 venerabilem
1771 2716 1903 2766 ffem
1939 2720 2052 2766 n'fm
2073 2745 2085 2757 ·
2103 2717 2160 2766 H
2179 2745 2191 2758 ·
2209 2718 2324 2783 epm
2362 2719 2517 2768 sancti

601 2817 782 2866 andree
825 2816 953 2865 facte
991 2816 1043 2864 in
1083 2816 1169 2864 sua
1206 2814 1341 2863 fue‘ft
1378 2814 1488 2863 uita
1527 2813 1770 2863 concesse·
1787 2815 1920 2865 salua
1959 2822 2129 2865 tamen
2165 2816 2519 2882 compositione

602 2918 731 2965 inter
763 2915 983 2982 prefatos
1006 2915 1126 2979 eiios
1150 2913 1304 2962 facta·
1327 2912 1470 2963 Nulli
1504 2929 1623 2979 ergo
1655 2914 1864 2963 omnino
1900 2914 2168 2964 hominum
2203 2915 2350 2965 liceat
2389 2915 2517 2966 hanc

599 3016 830 3082 paginam
867 3018 954 3063 nfe
988 3013 1305 3062 conceflionis
1320 3023 1353 3062 ”t
1377 3012 1749 3062 constitutionis
1773 3013 2074 3080 infringere}
2096 3013 2180 3064 uel
2212 3015 2259 3064 ei
2291 3015 2415 3065 ausu
2442 3022 2517 3064 te-

599 3115 808 3164 merario
846 3113 1114 3163 contraire·
1138 3112 1190 3162 Si
1230 3112 1351 3178 quis
1371 3117 1542 3161 autem
1578 3111 1672 3161 hoc
1704 3119 2004 3178 attemptare
2037 3114 2387 3180 presumpserit
2407 3118 2421 3163 3
2440 3114 2513 3162 in-

598 3215 886 3280 dignatione
924 3211 1287 3278 omnipotentis
1317 3210 1431 3260 dei·
1454 3222 1488 3261 ‘z
1522 3210 1707 3271 beaten
1746 3212 1876 3277 petri
1911 3222 1945 3261 ’ἱ
1979 3211 2117 3277 pauli
2149 3213 2298 3278 apim}
2333 3212 2444 3263 eius
2465 3213 2515 3266 se

557 3343 562 3347 ι
599 3314 796 3363 nouerit
817 3312 1129 3362 incursurum
1150 3340 1161 3351 ·
1186 3311 1381 3361 Datum
1404 3341 1414 3352 -
1437 3311 1606 3360 Veron
1628 3338 1639 3350 ·
1657 3311 1709 3376 iij
1732 3338 1743 3351 ·
1762 3310 1842 3361 id9
1859 3339 1870 3351 ·
1891 3309 2122 3382 Januarii
2142 3337 2155 3352 ·
