2938 3932
1551 392 1602 441 lx

645 529 790 579 Carta
814 528 1014 578 Ricardi
1037 526 1114 592 eiii
1142 523 1507 575 Dunkeldenfis
1529 524 1592 573 de
1615 524 1763 573 ecciia
1787 523 1851 572 de
1877 523 1986 572 Dul
2008 551 2019 563 ·
2372 542 2419 591 p,
2437 533 2546 580 309,

647 626 792 676 Carta
822 625 1079 675 Dunecani
1104 623 1191 672 filii
1218 622 1476 673 Michaelis
1499 621 1590 670 filii
1607 622 1904 687 Malotheny
1923 622 1986 671 de
2012 629 2138 670 terra
2161 622 2224 670 de
2245 624 2457 674 Kernes·
2482 627 2547 675 ib.

648 724 794 773 Carta
817 722 1065 772 Gamelini
1085 722 1160 786 ej'ii
1180 721 1344 769 Sancti
1362 719 1568 768 Andree
1588 720 1651 768 de
1669 720 1870 769 ecclesia
1887 720 1950 768 de
1964 720 2210 785 forgruud
2228 721 2281 769 in
2296 721 2399 788 fys·
2437 730 2548 773 310.

648 820 1041 870 CartaWillelmi
1057 819 1249 868 comitis
1263 818 1326 866 de
1336 822 1446 873 coar
1456 817 1519 866 de
1529 818 2012 867 eccfiadetaruelond
2029 825 2079 867 et
2095 819 2158 867 de
2169 820 2420 885 Migueth·
2440 828 2551 873 311.

645 919 790 967 Carta
816 917 1078 966 Willielmi
1101 916 1295 965 comitis
1318 916 1381 964 de
1406 920 1517 972 mar
1537 944 1549 955 ·
2439 927 2550 971 312.

644 1017 790 1064 Carta
815 1016 885 1064 W
890 1015 1078 1063 illielmi
1101 1015 1163 1063 de
1189 1014 1337 1079 Haya
1361 1015 1423 1063 de
1447 1020 1574 1062 terra
1596 1015 1648 1062 in
1674 1014 1952 1079 Petmulyn
1973 1045 1982 1055 ·
2437 1026 2552 1070 313.

644 1114 789 1163 Carta
813 1115 924 1162 Eue
947 1120 998 1162 et
1024 1113 1195 1161 Dauid
1219 1113 1281 1161 de
1307 1113 1456 1177 Haya
1478 1112 1567 1160 filii
1593 1113 1667 1161 sui
1694 1112 1758 1161 de
1781 1119 1911 1161 terra
1934 1113 1997 1161 de
2022 1114 2300 1181 Petmulyn
2319 1147 2330 1158 .
2483 1119 2549 1169 ib,

645 1212 966 1261 Confirmatio
992 1211 1256 1259 Willielmi
1282 1211 1439 1277 Regis
1463 1211 1526 1259 de
1549 1218 1676 1260 terra
1698 1211 1761 1259 de
1787 1211 2063 1278 Petmulyn
2087 1240 2097 1253 ·
2437 1223 2548 1268 314,

645 1311 927 1360 Conuentio
950 1312 1078 1359 inter
1102 1312 1195 1359 nos
1211 1322 1242 1359 “t
1268 1310 1637 1359 Archidiaconfi
1660 1340 1670 1351 ·
1688 1311 1758 1359 s‘ci
1784 1312 1932 1360 And?
1953 1340 1963 1351 -
2438 1324 2547 1368 315,

643 1408 924 1457 Conuentio
947 1390 1030 1456 in?
1046 1411 1139 1457 nos
1155 1416 1205 1456 et
1227 1408 1425 1457 scolares
1449 1409 1511 1457 de
1533 1410 1616 1458 sco
1639 1409 1848 1458 Andrea
1867 1440 1879 1451 ·
2438 1418 2547 1467 316.

646 1507 927 1555 Conuentio
950 1488 1032 1554 ini]
1049 1508 1143 1555 nos
1159 1518 1189 1555 “t
1217 1506 1485 1555 Kelledeos
1498 1507 1560 1556 de
1582 1509 1665 1556 sco
1687 1508 1895 1558 Andrea
1912 1538 1923 1549 ·
2437 1521 2549 1566 318.

643 1605 923 1653 Conventio
947 1587 1029 1653 in‘t)
1046 1606 1140 1654 nos
1155 1617 1184 1654 *t
1209 1605 1312 1655 fies
1336 1606 1398 1654 de
1421 1606 1735 1671 Torphechin
1758 1636 1768 1647 ·
2435 1621 2548 1671 319.

643 1702 942 1767 Compositio
966 1703 1028 1751 de
1052 1703 1371 1769 Ogglisphas·
2435 1720 2549 1765 320.

644 1800 790 1848 Carta
814 1799 1090 1850 Alexandri
1114 1800 1202 1849 filii
1228 1801 1470 1850 Willelmi
1495 1802 1730 1852 Thoraldi
1754 1804 1817 1853 de
1843 1810 1972 1854 terra
1994 1807 2046 1855 in
2072 1806 2300 1859 Ockiltre
2320 1839 2330 1851 ·
2436 1819 2546 1863 321.

638 1884 917 1947 Con⁶uentio
940 1899 1002 1947 de
1024 1898 1206 1964 capella
1228 1899 1290 1948 de
1313 1900 1504 1949 okeltre
1524 1931 1535 1942 ·
2480 1913 2544 1962 ib.

637 1996 922 2045 Conuencio
945 1998 1007 2046 de
1029 1997 1210 2062 capella
1235 1999 1370 2063 apud
1392 1999 1555 2048 Drem
1578 2030 1588 2041 ·
1923 2021 1926 2024 ·
2433 2017 2543 2062 322.

636 2094 940 2160 Compoficio
962 2096 1024 2145 de
1047 2096 1250 2147 decimis
1275 2098 1338 2147 de
1362 2099 1571 2148 Berford
1589 2130 1600 2141 ·
1623 2101 1926 2153 Kersewelle
1949 2111 2001 2154 et
2024 2105 2294 2158 Pouerhou
2313 2138 2325 2152 ·
2433 2117 2545 2160 323.

635 2193 939 2258 Compoficio
962 2194 1024 2243 de
1046 2194 1249 2245 decimis
1274 2197 1336 2245 de
1359 2198 1657 2264 Bangelawe
1683 2211 1715 2249 et
1731 2217 1775 2250 00
1798 2229 1809 2241 ·
2475 2209 2541 2259 ib.

635 2290 939 2355 Composicio
961 2292 1024 2341 de
1048 2293 1246 2358 Capella
1268 2295 1330 2343 de
1356 2297 1684 2347 Steuenestun
1703 2330 1714 2341 ι
2430 2314 2542 2359 324.

634 2386 939 2451 Compoficio
961 2388 1024 2437 de
1047 2396 1174 2439 terra
1197 2391 1260 2440 de
1287 2393 1560 2443 Kathelach
2428 2413 2539 2458 325.

637 2483 924 2534 Conuencio
949 2487 1011 2534 de
1034 2495 1160 2536 terra
1182 2489 1244 2537 de
1266 2490 1546 2556 Petpuntin
1564 2521 1575 2533 ·
2425 2511 2538 2556 325·

635 2581 939 2646 Compoficio
962 2584 1025 2633 de
1047 2585 1240 2635 ecclesia
1262 2588 1324 2636 de
1350 2590 1542 2640 Rothes
1562 2620 1573 2631 ·
1887 2631 1890 2634 »
1924 2606 1930 2610 ’
2428 2607 2538 2656 326.

634 2679 921 2730 Conuencio
941 2682 1003 2731 de
1025 2682 1228 2734 decimis
1252 2686 1314 2735 de
1337 2688 1686 2742 Petthechelac
1703 2722 1713 2732 ·
2324 2696 2326 2698 ’
2428 2710 2538 2759 327.

635 2776 939 2842 Compoficio
961 2781 1023 2829 de
1045 2783 1228 2848 capella
1250 2784 1312 2833 de
1337 2786 1520 2853 Clatyn
1544 2817 1554 2829 ·
2191 2853 2197 2858 ,
2422 2810 2533 2853 328.

635 2874 920 2925 Conuencio
943 2878 1005 2927 de
1028 2887 1154 2929 terra
1177 2882 1240 2930 de
1266 2883 1443 2933 Sconin
1469 2895 1519 2935 et
1543 2889 1604 2937 de
1627 2890 1826 2941 Gariad·
2424 2908 2537 2958 329.

636 2972 938 3038 Compoficio
960 2977 1023 3024 de
1045 2977 1247 3029 decimis
1270 2981 1333 3030 de
1357 2983 1644 3060 Stefinistuii
1670 2999 1703 3038 ‘ae
1722 3002 1768 3039 υ·
1788 3019 1799 3029 ·
2467 3001 2534 3050 ib.

636 3069 901 3136 Refignacb
923 3073 987 3122 de
1008 3075 1209 3126 decimis
1231 3080 1424 3144 gardini
1448 3085 1574 3149 regis
1597 3086 1659 3135 de
1683 3088 1984 3157 Hadington
2008 3123 2019 3134 ·
2422 3105 2532 3149 331.

636 3167 936 3233 Compoflcio
974 3173 1116 3238 super
1154 3177 1292 3226 terris
1327 3180 1389 3227 ad
1427 3181 1641 3234 ecclesias
1677 3186 1741 3235 de
1778 3189 2060 3240 Tarualand
2101 3201 2152 3242 et
2188 3195 2252 3244 de
2292 3196 2532 3263 Migueth

637 3265 961 3328 spectantibus
986 3280 1018 3319 ”t
1037 3288 1078 3319 c*
1098 3299 1110 3312 ·
2420 3302 2530 3347 332.
