2938 3932
396 1337 751 1408 ·[DECISIO
804 1339 1390 1388 CONTRAVERSIE
1449 1339 1687 1390 INTER
1746 1341 2150 1391 KELEDEOS
2191 1342 2304 1390 ET
2389 1340 2562 1448 {lglssg‘ff

536 1437 963 1488 EPISCOPUM
1023 1438 1129 1487 DE
1185 1438 1773 1488 JURISDICTIONE
1833 1439 2018 1489 AGRI
2080 1458 2097 1486 s
2154 1440 2305 1489 PER
2381 1458 2583 1496 sommo.

510 1535 881 1586 ·THOMAM
963 1536 1377 1587 RANULPHI
1418 1537 1989 1588 ⁴GUARDIANUM
2051 1539 2304 1590 -CI'1:RA

549 1635 772 1684 MARE
810 1635 1203 1686 SCOTICUM.
1275 1637 1343 1684 A.
1384 1638 1555 1699 13095]

481 1802 560 1848 In·
581 1800 813 1865 Registro
847 1800 1130 1850 monasterii
1168 1802 1338 1851 Sancti
1374 1802 1585 1854 Andree
1614 1819 1625 1850 l
1666 1802 1719 1850 in
1751 1803 2003 1869 ,principio
2026 1804 2140 1851 libri
2159 1822 2182 1852 J
2215 1804 2337 1854 folio

388 1938 396 1941 .,
414 1901 595 1964 quinto
620 1899 837 1966 ejusdem
877 1916 892 1946 l
930 1899 1253 1948 continentur
1275 1899 1544 1965 subscripte
1575 1900 1791 1951 clausule
1828 1924 1843 1948 ι
1881 1903 2120 1951 veraciter
2144 1919 2231 1967 per
2255 1919 2337 1958 me

412 1999 663 2048 Joannem
705 1998 878 2047 Motto
922 1998 1477 2068 notarium-publicum
1503 2003 1746 2054 ,extracte
1773 2018 1789 2046 s
1828 2000 1912 2048 De
1933 2001 2174 2066 *quodam
2211 2009 2335 2060 trac-

415 2102 525 2145 tatu
559 2097 732 2145 habito
772 2103 823 2145 et
859 2097 1128 2146 terminato
1172 2097 1320 2161 super
1354 2097 1571 2161 quadam
1607 2098 1935 2147 contraverfia
1968 2106 2161 2148 extunc
2195 2107 2333 2148 mota

389 2228 399 2241 2
410 2203 461 2245 et
507 2197 662 2246 decisa
698 2211 852 2260 penes
877 2194 1338 2260 jurispoffeffionem
1385 2201 1435 2244 et
1467 2195 1868 2260 jurisdictionem
1917 2214 1972 2246 ac
2018 2198 2330 2264 regalitatem

393 2296 719 2360 episcopatus
740 2295 787 2344 S.
804 2294 1026 2343 Andree.
1098 2293 1413 2358 Quiquidem
1438 2299 1679 2344 tractatus
1703 2301 1754 2343 et
1778 2295 1956 2344 decifio
1979 2303 2117 2345 extat
2137 2298 2198 2345 de
2217 2297 2332 2347 data

411 2394 530 2442 anni
556 2394 772 2442 Domini
796 2397 972 2450 00000
998 2392 1121 2441 noni
1148 2411 1163 2440 l
1189 2393 1280 2441 sub
1303 2392 1399 2441 hiis
1423 2392 1589 2442 verbis
1610 2394 1937 2458 sequentibus
1957 2415 1965 2442 :

476 2493 548 2541 Et
582 2493 852 2541 inventum
887 2490 957 2540 est
990 2463 1057 2540 et*
1074 2490 1396 2555 solempniter
1433 2492 1495 2540 ¹in
1535 2492 1796 2540 communi
1829 2493 2143 2557 publicatum
2191 2496 2332 2559 quod

390 2617 392 2619 ·
410 2592 539 2639 infra
556 2591 771 2640 Cursum
788 2590 921 2655 Apri
936 2605 1037 2638 non
1059 2590 1176 2640 sunt
1192 2589 1281 2638 nifi
1296 2595 1395 2638 tres
1413 2590 1617 2639 baronie
1637 2608 1648 2639 l
1670 2590 1903 2640 videlicet
1919 2592 2121 2641 baronia
2136 2593 2330 2642 domini

409 2690 622 2755 episcopi
648 2689 695 2739 S.
720 2688 931 2737 Andree
957 2711 971 2734 l
1008 2688 1211 2737 baronia
1245 2689 1441 2736 domini
1474 2688 1652 2754 prioris
1689 2689 1735 2738 S.
1773 2689 1983 2738 Andree
2003 2709 2018 2737 l
2053 2698 2105 2738 et
2128 2692 2330 2739 baronia

408 2788 723 2838 kalediorum
752 2805 763 2836 l
791 2787 1103 2853 quequidem
1127 2787 1330 2836 baronie
1354 2803 1472 2837 cum
1497 2787 1896 2838 inhabitantibus
1911 2789 2199 2839 immediate
2214 2793 2329 2839 sunt

408 2888 626 2952 subjecte
649 2887 899 2952 Episcopo
925 2886 974 2936 S.
1000 2886 1208 2936 Andree
1226 2892 1284 2935 et
1305 2886 1503 2938 ecclefie
1533 2892 1584 2935 et
1616 2887 1743 2936 nulli
1771 2887 1880 2936 alio.
1952 2889 2109 2937 Unde
2136 2891 2327 2938 ratione

406 2988 539 3036 dicte
554 2986 872 3051 subjectionis
893 3002 903 3035 l
921 2985 1145 3051 predicte
1163 2985 1366 3034 baronie
1385 2991 1488 3034 tam
1508 2986 1571 3034 de
1579 2985 1698 3050 jure
1715 2987 1949 3051 quamde
1964 2989 2326 3036 consuetudine

405 3086 677 3151 approbata
699 3090 939 3134 tenentur
960 3084 1122 3134 facere
1143 3085 1324 3134 sectam
1350 3085 1488 3133 curie
1521 3085 1646 3133 dicti
1680 3085 1872 3134 domini
1902 3086 2135 3151 Episcopi
2159 3094 2211 3136 et
2234 3088 2324 3134 ibi-

405 3186 522 3233 dem
547 3190 650 3232 tam
675 3184 738 3232 de
761 3183 962 3232 visnetis
986 3188 1038 3232 et
1071 3183 1390 3236 dictamentis
1413 3183 1636 3237 interefl'e
1659 3200 1812 3253 quam
1838 3183 1899 3238 ad
1923 3184 2017 3240 alia
2043 3185 2323 3250 judiciade

398 3283 783 3350 condempnatis
807 3282 1048 3335 facienda.
