2938 3932
1522 399 1591 447 lvi

627 537 875 601 Scriptum
900 534 963 584 de
985 532 1168 599 capella
1183 533 1246 581 de
1271 530 1417 580 Katel
1437 558 1448 569 ·
2348 542 2396 590 p.
2417 531 2527 575 243.

626 633 772 683 Carta
797 632 1058 682 Duneoeni
1081 630 1273 679 comitis
1296 628 1359 676 de
1382 627 1477 675 Fif
1492 627 1555 674 de
1576 627 1749 690 stagno
1774 623 2051 681 molendini
2079 622 2142 671 de
2169 621 2323 671 Nidin
2346 651 2358 662 ·
2462 624 2525 671 ib.

626 731 931 779 Confinnac'n
967 726 1215 783 malcolmi
1254 725 1343 773 filii
1389 723 1652 773 Dunecani
1694 722 1890 771 comitis
1932 721 1995 769 de
2033 720 2127 769 Fif
2165 720 2228 768 de
2272 722 2421 770 eecfia
2464 721 2528 768 de

625 829 790 893 Cupre
811 835 889 876 etc
908 856 918 866 ·
2412 825 2522 868 244.

626 926 771 975 Carta
796 924 1051 974 Malcolrni
1075 923 1267 972 comitis
1289 921 1351 969 de
1379 920 1473 969 Fif
1491 920 1554 968 de
1578 919 1705 967 tofto
1730 919 1847 967 uni9
1871 933 1980 967 acre
1999 946 2011 957 ·
2415 925 2525 968 245.

624 1024 768 1072 Carta
792 1022 1046 1072 Malcolmi
1070 1021 1262 1069 comitis
1286 1020 1348 1068 de
1372 1018 1535 1068 Athol
1560 1018 1624 1066 de
1646 1018 1795 1066 ecciia
1817 1017 1880 1065 de
1904 1016 2015 1065 Dul
2033 1044 2045 1056 ·
2460 1017 2525 1066 ib.

623 1121 928 1170 Confirmaeo
953 1120 1158 1169 Hem-ici
1183 1118 1377 1167 comitis
1400 1117 1463 1165 de
1487 1115 1665 1165 Athoil
1690 1115 1753 1163 de
1776 1115 1924 1163 ecciia
1948 1115 2010 1163 de
2035 1114 2148 1164 Dul
2169 1144 2180 1155 ·
2415 1117 2526 1165 246.

623 1220 768 1268 Carta
792 1218 1118 1283 Moregrundi
1142 1216 1335 1265 comitis
1358 1217 1420 1264 de
1444 1216 1560 1264 Mar
1582 1215 1645 1264 de
1668 1214 1818 1263 ecefia
1841 1213 1905 1262 de
1928 1212 2154 1262 Tarhlsid
2178 1219 2257 1263 etc
2277 1242 2287 1253 ·
2454 1214 2521 1262 ib.

623 1318 770 1365 Carta
795 1316 1091 1382 Morgrundi
1116 1316 1309 1364 comitis
1333 1315 1395 1363 de
1419 1315 1535 1362 Mar
1558 1314 1620 1362 de
1642 1313 1792 1362 ecciia
1815 1312 1878 1361 de
1903 1312 2169 1377 migaueth
2193 1342 2203 1351 ·
2413 1319 2525 1363 248.

622 1415 768 1463 Carta
795 1414 1090 1480 Morgrundi
1115 1414 1308 1463 comitis
1331 1414 1393 1462 de
1418 1413 1534 1461 Mar
1556 1412 1619 1461 de
1641 1419 1769 1460 terra
1790 1412 1843 1459 in
1867 1410 1985 1459 villa
2009 1411 2074 1460 de
2093 1411 2393 1460 Inuerinche
2409 1441 2420 1451 ·
2457 1413 2524 1462 ib.

622 1514 768 1562 Carta
794 1513 1007 1578 Agnetis
1031 1510 1265 1560 comitisse
1282 1511 1344 1560 de
1372 1512 1486 1560 Mar
1510 1511 1572 1559 de
1597 1518 1724 1559 terra
1747 1511 1799 1558 in
1823 1509 1944 1558 uilla
1966 1510 2030 1559 de
2048 1510 2351 1559 Inuerinche
2370 1539 2384 1552 ·
2411 1517 2521 1565 249.

618 1612 764 1660 Carta
787 1611 1009 1676 Agnetis
1022 1610 1272 1659 Comitiss'e
1295 1610 1357 1658 de
1382 1610 1497 1658 Mar
1520 1609 1583 1657 de
1605 1608 1798 1658 ecclefia
1822 1609 1885 1657 de
1911 1608 2177 1675 migaueth
2196 1639 2207 1649 ·
2455 1610 2520 1659 ib.

618 1710 763 1757 Carta
799 1709 1042 1757 Willelmi
1066 1709 1249 1757 Cumin
1292 1708 1485 1756 comitis
1530 1708 1593 1755 de
1632 1707 1840 1756 Buchan
1889 1707 1952 1756 de
1997 1707 2208 1757 dimidia
2251 1725 2415 1758 marea
2460 1710 2523 1757 de

533 1818 537 1820 ’
617 1807 872 1855 Inuermer
892 1836 901 1846 ·
1596 1846 1599 1850 .
2410 1814 2522 1858 250.

615 1889 1007 1953 ΟετιὲΨίΠεΙῐῃί
1027 1905 1203 1953 Cumin
1221 1906 1416 1954 comitis
1434 1905 1496 1953 de
1517 1906 1723 1954 Buchan
1743 1905 1806 1954 de
1822 1907 1972 1955 ecciia
1987 1907 2050 1955 de
2067 1906 2365 1956 Kennaehin
2378 1937 2389 1947 ·
2408 1912 2519 1956 251.

614 2004 757 2050 Carta
783 2001 1028 2051 Willelmi
1054 2004 1237 2052 Cumin
1263 2004 1456 2052 comitis
1480 2004 1543 2052 de
1567 2005 1775 2054 Buchan
1801 2005 1864 2053 de
1887 2012 2016 2053 terra
2038 2005 2310 2055 kinemuch
2333 2035 2343 2046 ·
2454 2007 2519 2057 ib.

615 2102 758 2149 Carta
779 2101 1027 2150 Willelmi
1052 2102 1235 2150 Cumin
1260 2104 1455 2151 comitis
1478 2103 1541 2151 de
1565 2103 1773 2153 Buchan
1798 2104 1862 2153 de
1885 2105 2110 2155 dist¹ccsse
2133 2105 2370 2154 h6inum·
2408 2111 2519 2154 252.

615 2200 761 2247 Carta
776 2200 1022 2265 Margerie
1044 2201 1278 2250 comitisse
1296 2202 1358 2250 de
1375 2203 1581 2251 Buchan
1603 2203 1666 2252 de
1683 2203 1892 2252 dimidia
1909 2221 2073 2254 marca
2086 2204 2149 2254 de
2168 2205 2426 2254 Inuerine·
2454 2205 2518 2254 ib.

616 2298 1185 2363 CartaMaxjjorieCumin
1201 2301 1435 2350 comitifl'e
1451 2301 1513 2350 de
1521 2302 1730 2351 Buchan
1748 2303 1812 2352 de
1829 2304 1980 2353 ecefia
1994 2304 2057 2352 de
2065 2304 2385 2354 Kennachin·
2408 2310 2518 2355 253.

614 2396 759 2443 Carta
783 2395 1015 2460 Marjorie
1038 2397 1221 2446 Cumin
1246 2400 1480 2448 comitisse
1502 2401 1565 2449 de
1588 2401 1796 2450 Buchan
1822 2402 1885 2451 de
1910 2403 2326 2453 Kinmuehaueth
2345 2433 2355 2443 ·
2406 2410 2519 2453 254.

616 2494 762 2542 Carta
784 2493 914 2543 Nefii
936 2494 1023 2543 filii
1049 2496 1294 2545 Willelmi
1317 2497 1380 2546 de
1402 2500 1551 2548 ecciia
1573 2500 1636 2548 de
1658 2499 1826 2549 losresc
1845 2529 1856 2540 ·
2452 2503 2517 2552 ib.

615 2592 760 2640 Carta
785 2593 948 2657 Seyeri
971 2594 1033 2642 de
1057 2595 1241 2653 Quinci
1264 2597 1456 2645 comitis
1475 2598 1744 2648 Wintonie
1767 2600 1831 2649 de
1853 2600 2014 2650 tribus
2039 2602 2221 2657 mareis
2243 2602 2308 2650 de
2331 2602 2520 2650 molen-

614 2689 731 2737 dino
754 2690 815 2738 de
840 2692 1018 2740 Locres
1036 2722 1046 2732 ·
2405 2706 2515 2750 255.

619 2787 941 2838 Confirmacio
966 2790 1152 2856 Rogeri
1174 2792 1237 2840 de
1261 2782 1449 2851 Quinei
1472 2795 1562 2844 filii
1588 2795 1729 2861 Seyri
1753 2798 1947 2847 comitis
1974 2798 2241 2848 Wintdnie
2260 2827 2272 2839 ·
2405 2801 2516 2851 256.

617 2885 761 2934 Carta
801 2887 950 2936 Alani
990 2890 1077 2938 filii
1103 2890 1314 2940 Walteri
1355 2893 1561 2958 dapiferi
1597 2895 1753 2962 Regis
1793 2897 1856 2945 de
1899 2905 2029 2946 terra
2069 2899 2119 2946 in
2159 2898 2277 2946 villa
2315 2898 2379 2948 de
2411 2899 2517 2947 Vn-

615 2984 759 3033 thanc
776 3013 787 3024 ·
2405 3003 2514 3052 257.

618 3082 941 3133 Conflrrnacio
967 3085 1177 3134 Walteri
1212 3087 1300 3136 filii
1335 3089 1489 3138 Alani
1523 3091 1729 3157 dapiferi
1766 3094 1922 3160 Regis
1955 3095 2019 3144 de
2054 3102 2182 3144 terra
2215 3099 2265 3144 in
2303 3096 2421 3145 villa
2454 3097 2518 3145 de

617 3179 845 3230 Vnthanc
861 3210 871 3221 ·
2402 3202 2513 3245 258.

620 3277 763 3326 Carta
788 3280 1091 3330 Mei-leswani
1117 3283 1205 3332 filii
1230 3285 1436 3334 Colbani
1460 3288 1522 3336 de
1544 3290 1691 3339 ecciia
1712 3291 1775 3340 de
1801 3292 2006 3341 Kenach
2024 3322 2034 3333 ·
2448 3296 2510 3343 ib.
