2938 3932
490 548 567 595 87.

491 743 566 787 88.

492 938 567 985 89.

492 1035 566 1077 40.

490 1229 564 1271 41.

488 1326 568 1369 42.

490 1423 564 1466 43.

489 1520 561 1563 44.

488 1618 561 1660 45.

1480 420 1640 454 xxviii

617 542 765 592 Carta
795 541 1005 591 duarum
1038 540 1332 605 perticarum
1371 542 1497 584 terre
1530 535 1580 583 in
1616 531 1735 582 villa
1771 532 1833 580 de
1869 530 2074 587 Dunde,
2108 530 2239 578 facta
2277 527 2505 577 Radulfo

619 639 871 704 Corbrige.

618 736 765 785 Carta
800 741 926 783 terre
964 734 1014 781 in
1049 730 1394 785 Clackmanan,
1433 728 1562 778 facta
1602 727 1813 776 Murino
1851 725 1957 774 filio
1997 724 2367 780 Gilmumelmi‚
2415 741 2505 789 pro

618 831 890 882 redditione
914 830 1060 878 unius
1083 828 1219 885 carri,
1243 826 1321 875 vel
1348 831 1377 874 2
1400 824 1682 881 solidorum,
1705 839 1822 872 cum
1846 822 2161 872 edificatione
2184 822 2399 887 hospitii.

617 929 764 979 Carta
784 928 911 977 facta
933 926 1116 975 Abbati
1139 925 1201 974 de
1225 922 1502 988 Driburgh,
1526 923 1589 971 de
1612 921 1908 971 vicariorum
1932 921 2302 970 sustentatione.

617 1027 763 1077 Carta
794 1023 984 1076 ecclesie
1012 1024 1075 1072 de
1109 1023 1345 1072 Restenet
1380 1037 1467 1086 per
1499 1019 1671 1069 David
1709 1019 2013 1085 episcopum,
2051 1018 2246 1068 Abbati
2285 1019 2348 1067 de
2381 1019 2502 1067 Jed-

617 1123 784 1182 word3
821 1128 977 1172 1242:
1011 1128 1063 1171 et
1084 1119 1392 1169 confirmatio
1415 1118 1646 1183 ejusdem.

616 1222 760 1271 Carta
782 1220 972 1271 ecclesie
993 1220 1055 1268 de
1078 1217 1369 1267 Abel-lemni
1391 1217 1552 1266 eidem
1577 1215 1715 1272 facta,
1739 1231 1827 1280 per
1848 1214 2067 1263 eundem
2092 1214 2362 1264 Davidem.

617 1320 763 1368 Carta
785 1318 1026 1383 maritagii
1051 1317 1245 1365 Thome
1268 1315 1330 1363 de
1354 1314 1516 1371 Lidel,
1541 1329 1656 1363 cum
1681 1314 1824 1362 terris
1847 1313 1910 1362 de
1934 1312 2212 1378 Incheraye
2236 1313 2479 1363 Midmor.

616 1415 937 1465 Confirmatio
958 1413 1149 1464 ecclesie
1171 1413 1233 1462 de
1258 1412 1488 1469 Kaledor,
1511 1411 1640 1461 facta
1663 1410 1855 1459 Abbati
1878 1410 1940 1460 de
1967 1410 2135 1460 Kelso,

615 1514 759 1562 Carta
782 1520 1018 1561 terrarum
1042 1512 1104 1560 dc
1130 1512 1267 1560 Lure
1290 1512 1340 1559 in
1367 1510 1557 1567 Forfar,
1580 1510 1709 1558 facta
1732 1509 1938 1558 Nicolao
1963 1509 2220 1575 Burgensi.

614 1610 911 1675 Compositio
946 1610 1075 1658 inter
1096 1608 1347 1658 Abbatem
1383 1609 1443 1656 de
1479 1607 1689 1665 Culross,
1726 1618 1776 1656 et
1814 1607 2083 1657 Rectorem
2120 1607 2184 1656 de
2219 1607 2497 1674 Kylmany‚

612 1709 752 1773 super
774 1708 975 1757 decimis
997 1707 1059 1755 de
1093 1705 1350 1755 Zachtulit
1384 1706 1512 1754 infra
1546 1705 1825 1770 parochiam
1850 1705 1912 1753 de
1948 1705 2226 1763 Kilmanin‚
2252 1706 2382 1756 facta
2415 1725 2504 1772 per

511 1845 516 1847 .
615 1805 860 1854 Davidem
884 1805 1163 1870 episcopum
1190 1804 1236 1853 S.
1262 1804 1480 1854 Andree,
1576 1863 1580 1866 ²

486 1904 558 1951 46.

484 2201 554 2246 47.

483 2396 554 2438 48.

484 2590 556 2637 49.

483 2687 557 2730 50.

479 3076 554 3119 51.

479 3172 553 3216 52.

611 1903 755 1952 Carta
777 1919 863 1968 per
896 1903 1145 1951 Davidem
1180 1903 1462 1967 episcopum
1501 1904 1546 1950 S.
1574 1903 1793 1959 Andree,
1828 1903 1959 1951 facta
1992 1903 2232 1953 fratribus
2267 1888 2331 1954 de
2354 1907 2499 1954 fonte

611 2001 784 2058 Scotie‚
808 2008 1044 2050 terrarum
1069 2002 1116 2049 in
1143 2001 1274 2049 dicta
1296 2007 1426 2050 carta
1449 2000 1716 2050 divisarum
1742 2007 1793 2050 et
1816 2001 2164 2060 bondatarum,
2191 2004 2289 2053 viz.
2316 2004 2501 2054 Kelne-

607 2100 716 2164 gad,
739 2101 821 2148 &c.

607 2196 751 2246 Carta
786 2204 1023 2246 terrarum
1060 2198 1122 2246 de
1160 2197 1467 2255 Pethmulin,
1490 2198 1708 2247 Ricardo
1747 2199 2090 2264 Monepenny,
2130 2217 2246 2250 cum
2275 2187 2501 2251 libertate

608 2294 822 2343 molendi
845 2310 994 2360 grana
1016 2294 1151 2359 apud
1174 2295 1516 2344 molendinum
1541 2296 1603 2344 de
1630 2296 1887 2345 Puthekin
1913 2297 2012 2347 sine
2036 2299 2275 2349 multura.

609 2391 753 2440 Carta
776 2391 967 2441 ecclesie
988 2391 1051 2441 de
1076 2392 1351 2450 Dumanin,
1374 2409 1462 2458 per
1483 2394 1698 2443 eundem
1725 2395 2029 2461 Episcopum
2053 2397 2184 2447 facta
2215 2399 2411 2448 Abbati
2436 2400 2498 2448 de

608 2488 880 2538 Jedworth.

610 2585 754 2634 Carta
776 2586 986 2635 duarum
1010 2588 1305 2652 perticarum
1329 2597 1470 2647 terre,
1493 2590 1545 2638 in
1570 2590 1730 2657 burgo
1753 2593 1816 2641 de
1840 2592 2111 2644 Linlithco.

609 2682 755 2732 Carta
786 2700 874 2749 per
907 2685 1189 2735 Walterum
1225 2687 1437 2751 priorem
1476 2689 1522 2738 S.
1561 2689 1779 2749 Andree,
1817 2693 1949 2741 facta
1973 2693 2258 2744 Willielmo
2291 2697 2491 2746 Giffard

607 2786 658 2828 et
681 2781 940 2831 heredibus
975 2783 1085 2841 suiS,
1124 2784 1187 2833 de
1221 2785 1403 2849 capella
1437 2787 1500 2836 de
1534 2787 1863 2854 Aldcathyn;
1900 2791 2156 2841 reddendo
2192 2793 2389 2844 ecclesie
2431 2795 2495 2843 de

610 2877 862 2927 Linlithco
884 2878 1148 2929 dimidium
1173 2898 1333 2931 marce
1369 2889 1420 2932 et
1456 2885 1543 2933 xvi
1580 2885 1816 2936 denarios,
1884 2889 1958 2938 Et
1980 2891 2134 2940 etiam
2160 2892 2391 2943 concessit
2416 2910 2492 2941 ca-

606 2973 781 3039 pellam
806 2976 867 3025 de
890 2977 1195 3027 Laneditum
1218 2986 1270 3028 et
1292 2981 1534 3046 capellum
1557 2983 1620 3032 de
1644 2984 1995 3052 Polganeltyn.

605 3070 748 3120 carta
771 3072 887 3122 Ade
910 3074 996 3122 filii
1020 3074 1209 3124 odonis
1231 3076 1293 3126 de
1316 3079 1588 3146 maritagio.
1929 3066 1933 3070 ’

605 3168 749 3217 Carta
770 3169 961 3220 ecclesie
982 3171 1044 3220 de
1072 3172 1301 3223 Dumnin
1325 3175 1454 3226 facta
1476 3178 1666 3228 Abbati
1691 3179 1753 3230 de
1775 3182 2053 3233 Jedworth.
