2938 3932
429 745 503 788 14.

431 1038 506 1080 15.

430 2204 502 2251 16.

1456 411 1562 463 xliv

552 562 650 595 non
675 545 852 613 pofl‘et:
879 563 969 597 nec
990 546 1168 611 aliquis
1193 545 1366 602 valeat,
1402 545 1647 610 Episcopo
1670 543 1846 599 invit0,
1882 542 1945 590 de
1979 541 2228 591 beneficiis
2251 542 2315 591 ad
2338 542 2446 607 ejus

552 644 862 694 collationem
887 643 1214 709 spectantibus
1236 642 1382 691 alicui
1407 641 1680 706 providere.
1750 642 1936 704 (1254.)

553 742 836 791 Commissio
878 740 1066 790 Nicolai
1104 739 1195 788 IV.
1238 739 1401 787 Priori
1442 738 1504 787 de
1539 738 1891 787 Aberbrothoc
1933 737 2049 786 data
2088 737 2152 786 ad
2192 737 2447 802 querelam

556 839 741 888 Prioris
766 838 813 887 S.
837 838 1041 886 Andree
1063 837 1376 893 audiendam,
1411 843 1582 885 contra
1619 835 1792 884 David
1826 836 2018 883 dictum
2058 836 2293 884 Cifforem
2329 836 2448 885 bur-

554 937 748 1001 gensem
772 935 834 983 de
858 935 1060 983 Berwic.
1130 936 1312 998 (1292.)

556 1032 878 1082 Confirmatio
917 1048 1003 1096 per
1043 1032 1341 1096 Gregorium
1384 1031 1483 1079 XI.
1542 1031 1823 1079 donationis
1864 1030 2099 1079 Wilelmi
2139 1031 2355 1098 episcopi
2398 1033 2445 1082 S.

555 1130 758 1179 Andree
797 1130 939 1178 factae
973 1129 1035 1177 ad
1071 1128 1301 1177 fabricam
1341 1127 1546 1177 ecclefiae
1581 1128 1816 1192 ejusdem;
1851 1129 1915 1177 de
1938 1128 2141 1178 mensali
2165 1129 2362 1180 ecclefia
2383 1130 2448 1181 de

556 1227 812 1276 Inchetore
835 1243 949 1275 cum
972 1226 1154 1291 capella
1173 1226 1235 1275 de
1254 1226 1478 1274 Kvmerd
1497 1226 1771 1292 [Kynnerd
1785 1226 1835 1288 ?]
1853 1227 1972 1291 quia
1996 1235 2024 1256 “
2039 1243 2104 1276 ex
2127 1226 2375 1279 collisione
2397 1237 2450 1279 et

554 1327 744 1390 impetu
782 1325 926 1374 maris
963 1325 1143 1382 oceani,
1166 1340 1341 1389 rupem
1370 1324 1513 1389 super
1535 1341 1685 1389 quam
1710 1324 1903 1374 ecclesia
1929 1326 2097 1374 Sancti
2122 1326 2330 1377 Andree
2360 1327 2448 1378 fita

553 1423 622 1471 est
643 1423 889 1488 agitantis,
913 1428 964 1470 et
987 1422 1128 1486 cujus
1151 1422 1288 1486 rupis
1312 1437 1542 1487 magnam
1567 1428 1759 1487 partem
1785 1422 2036 1472 undarum
2065 1424 2310 1489 impulsus
2333 1442 2448 1476 con-

554 1520 683 1568 tinui
718 1519 994 1576 diruerunt,
1029 1519 1419 1569 fundamentum
1444 1525 1495 1569 et
1518 1519 1775 1569 structurae
1806 1521 2026 1586 ejusdem
2062 1523 2271 1573 ecclefiae
2293 1526 2452 1576 mina-

553 1618 734 1666 bantur
755 1617 964 1674 ruinam,
982 1623 1033 1665 et
1057 1618 1332 1666 maximum
1357 1617 1635 1682 periculum
1675 1623 1870 1683 poterat
1909 1619 2074 1669 eidem
2111 1622 2322 1672 ecclefiae
2356 1624 2451 1673 im-

554 1715 738 1763 minere
752 1721 881 1763 z-et
925 1714 1121 1763 fructus
1156 1715 1378 1764 redditus
1418 1723 1469 1764 et
1502 1722 1776 1781 proventus
1810 1717 1874 1766 ad
1918 1734 2046 1783 opus
2091 1719 2292 1771 fabricae
2324 1723 2450 1788 ejus-

525 1812 666 1869 ⁴dem
711 1811 915 1861 ecclesiae
959 1812 1262 1876 pertinentes
1302 1819 1504 1878 propter
1546 1830 1747 1885 guerras
1786 1822 1838 1864 et
1883 1817 2252 1868 mortalitatum
2292 1821 2450 1886 pestes

553 1925 651 1972 que
674 1910 723 1956 in
737 1909 841 1957 ·illis
864 1910 1084 1974 partibus
1108 1910 1395 1975 viguerunt,
1419 1918 1559 1961 erant
1580 1913 1704 1961 adeo
1727 1920 1904 1963 tenues
1941 1921 1992 1964 et
2033 1916 2188 1967 exiles
2211 1920 2351 1984 quod
2386 1921 2451 1970 ad

555 2007 905 2070 reparationem
943 2008 1079 2072 rupis
1115 2015 1167 2056 et
1199 2009 1600 2059 sustentationem
1636 2011 1844 2062 ecclefiae
1866 2013 2203 2079 predictarum
2227 2018 2451 2069 sufficere

554 2119 650 2151 non
674 2103 942 2153 valebant.”
1008 2107 1190 2170 (1372.)

553 2201 852 2266 Preceptum
876 2203 1023 2251 Pauli
1050 2204 1148 2252 111.
1176 2205 1239 2253 ad
1262 2205 1604 2257 inducendum
1627 2210 1912 2262 Johannem
1937 2213 2098 2264 Woid
2137 2216 2192 2264 in
2215 2217 2451 2267 vicariam

555 2305 841 2364 perpetuam
864 2299 1067 2350 ecclefiae
1089 2302 1151 2351 de
1175 2302 1352 2369 Largo.
1422 2310 1562 2361 1539.
