2938 3932
437 1183 440 1187 ,
476 1147 505 1165 “
530 1132 1005 1187 COLLECTION
1070 1132 1166 1182 OF
1224 1131 1562 1182 ANCIENT
1612 1128 2018 1184 CHARTERS
2076 1133 2179 1184 BY
2234 1134 2394 1184 OUR

477 1235 719 1292 KINGS,
744 1232 1110 1284 &c.”-M.S.S.
1137 1232 1276 1282 Adv.
1303 1232 1421 1281 Lib.
1449 1237 1525 1281 15.
1553 1236 1597 1280 1.
1625 1238 1667 1281 8.

382 1665 422 1706 l·
476 1665 805 1714 Confirmatio
847 1665 1082 1715 wilelmi
1122 1666 1298 1732 Regis,
1343 1666 1629 1714 donationis
1675 1682 1830 1731 quam
1876 1665 2098 1715 fecerant
2136 1665 2299 1731 Hugo
2345 1670 2398 1712 et

480 1763 753 1812 VVilelmus
791 1763 1003 1820 Giffard,
1034 1764 1097 1812 de
1130 1763 1329 1813 ecclefia
1363 1763 1427 1813 de
1464 1763 1665 1822 Thelin,
1702 1764 1952 1814 canonicis
1989 1764 2160 1814 Sancti
2189 1763 2398 1812 Andree

476 1862 717 1948 apostoli
703 1878 758 1911 1n
784 1863 963 1912 Seotia.
1032 1862 1198 1928 Apud
1222 1861 1525 1911 Kinkardin.
1597 1864 1924 1926 (1189—99.)

380 1962 421 2002 2·
478 1943 808 2010 Confirmatio
847 1961 933 2010 W.
961 1961 1134 2026 Regis,
1170 1960 1453 2009 donationis
1476 1959 1698 2010 Walteri
1721 1960 1813 2009 filii
1837 1960 2069 2026 PhiliPpi
2094 1960 2157 2009 de
2183 1928 2311 2009 terra
2335 1960 2398 2008 ad

477 2059 760 2108 Hebreeces
782 2058 925 2108 factae
947 2058 1129 2107 eisdem
1156 2059 1418 2108 canonicis.
1490 2058 1655 2124 Apud
1680 2059 1929 2125 Kingorn
1998 2059 2265 2120 (1171—4.
2272 2064 2288 2122 )

376 2161 420 2202 3.
474 2156 805 2205 Confirmatio
824 2157 914 2206 W.
940 2157 1116 2222 Regis,
1142 2156 1427 2205 donationis
1454 2157 1672 2207 Simonis
1697 2156 1761 2206 de
1786 2157 2016 2223 Mioghel
2039 2157 2102 2206 de
2124 2156 2321 2206 ecclefia
2344 2164 2397 2206 et

472 2255 658 2321 capella
676 2255 739 2304 de
754 2255 984 2321 Micghel
1002 2255 1146 2305 factae
1169 2255 1354 2305 eisdem
1378 2256 1641 2306 canonicis.
1677 2255 1842 2321 Apud
1866 2255 2033 2305 Karal.
2071 2259 2396 2320 (1178-87.)

372 2357 415 2398 4·
470 2355 779 2404 Mandatum
802 2354 978 2403 David
1003 2354 1079 2404 ΙΙ.
1101 2354 1261 2420 Regis
1296 2355 1564 2404 camerario
1597 2355 1685 2403 suo
1718 2360 1781 2403 ut
1815 2354 2046 2403 deserviri
2080 2354 2230 2404 faciat
2252 2370 2398 2403 cano-

471 2454 607 2502 nicos
650 2454 696 2502 S.
740 2453 963 2511 Andree,
1000 2453 1064 2502 de
1105 2469 1207 2502 una
1247 2469 1433 2510 marea,
1459 2452 1815 2519 sterlingorum
1849 2453 2117 2502 annuatim
2153 2453 2218 2502 de
2250 2453 2395 2502 firma

470 2552 622 2617 burgi
661 2551 725 2601 de
762 2551 958 2601 Dunde
991 2568 1144 2617 quam
1181 2552 1251 2601 eis
1291 2551 1413 2600 olim
1455 2551 1674 2601 contulit
1708 2554 1888 2602 Comes
1913 2552 2088 2602 David
2127 2552 2278 2601 frater
2301 2552 2392 2601 W.

471 2651 644 2715 Regis,
713 2650 878 2715 Apud
901 2649 1098 2698 Ardros
1123 2656 1151 2699 3
1179 2649 1303 2699 Feb.
1328 2649 1502 2716 Regni
1525 2665 1658 2699 anno
1682 2656 1760 2700 32.

373 2753 416 2795 5.
471 2749 778 2814 Preceptum
820 2747 1035 2797 Roberti
1077 2747 1336 2798 Senesealli
1368 2747 1539 2798 locum
1575 2749 1802 2822 tenentis*
1834 2748 1994 2814 Regis
2030 2749 2278 2798 directum
2317 2748 2390 2796 M.

471 2847 695 2897 Johanni
729 2846 792 2895 de
816 2846 1050 2912 Douglas
1091 2846 1284 2895 custodi
1308 2845 1449 2904 castri
1471 2846 1611 2896 lacu-s
1635 2847 1698 2896 de
1725 2847 1926 2913 Levyn,
1971 2863 2035 2896 ne
2075 2847 2302 2896 canonici
2345 2850 2391 2895 S.

470 2945 680 2994 Andree
703 2944 1029 2994 molestentur
1051 2945 1244 2994 ratione
1277 2944 1601 3011 fidejuffionis
1635 2945 1699 2995 de
1732 2946 1928 2995 summa
1960 2946 2188 3011 peeuniae
2221 2945 2390 2994 debita

471 3044 790 3093 VVarnisture
811 3043 948 3093 lacus
971 3059 1062 3109 per
1084 3044 1505 3093 communitatem
1529 3043 1593 3093 de
1615 3044 1735 3110 Fyf.
1806 3043 2007 3093 Datum
2030 3044 2084 3092 in
2108 3043 2258 3108 pleno
2281 3059 2391 3108 par-

467 3145 707 3192 liamento
729 3142 867 3208 apud
889 3142 1049 3191 Perth
1074 3148 1136 3192 23
1163 3141 1276 3191 Oct.
1303 3147 1444 3196 1339.

371 3242 415 3292 6.
472 3242 773 3307 Preeeptum
809 3240 1030 3306 ejusdem
1065 3240 1314 3290 directum
1348 3239 1597 3306 prepofito
1630 3246 1682 3289 et
1705 3239 1914 3291 Ballivis
1938 3239 2001 3289 de
2024 3240 2183 3289 Perth
2217 3245 2274 3288 ut
2299 3239 2388 3287 sol-

1432 3353 1459 3386 e
