2938 3932
343 2175 417 2230 JQ.

344 2472 419 2515 11.

239 2807 241 2809 .
345 2768 421 2812 12.

347 3164 424 3208 13.

1384 351 1495 400 xliii

474 483 917 533 determinandum
958 483 1022 532 de
1056 483 1253 548 injuriis
1286 483 1519 549 irrogatis
1542 482 1708 532 Priori
1742 488 1795 532 et
1827 483 2077 533 canonicis
2103 483 2151 532 S.
2176 483 2398 533 Andree.

475 583 534 642 (c.
563 587 726 648 1219.)

476 679 764 729 Commiflio
797 680 861 729 ab
896 680 1195 730 Alexandro
1233 680 1329 730 IV.
1366 681 1481 730 data
1511 681 1576 730 ad
1612 681 1984 730 terminandam
2019 681 2395 730 contentionem

473 779 606 828 inter
638 779 868 828 Priorem
894 782 942 829 S.
969 778 1192 837 Andree,
1217 785 1269 828 et
1305 778 1615 844 Episcopum
1639 785 1692 829 et
1715 779 2022 828 Wilelmum
2055 779 2119 828 de
2143 779 2399 844 Valoynes

472 878 705 943 aliosque,
730 878 794 926 de
818 878 1112 927 inductione
1134 878 1349 926 fratrum
1384 878 1574 926 ordinis
1600 881 1792 927 Sanctae
1816 878 2080 927 Trinitatis
2101 884 2154 927 et
2178 879 2399 943 captivo-

474 992 589 1024 rum
611 976 744 1026 intra
768 975 892 1025 fines
915 975 1227 1025 ecclesiarum
1251 982 1304 1024 et
1326 976 1673 1041 parochiarum
1699 976 1889 1025 Prioris
1911 982 1963 1026 et
1986 977 2194 1042 capituli
2229 983 2402 1026 contra

473 1091 647 1124 eorum
672 1075 951 1141 privilegia.
1020 1077 1207 1139 (1254.)
1688 1064 1691 1066 ‚

475 1173 766 1222 Commiffio
790 1173 1076 1225 Alexandri
1101 1173 1195 1223 IV.
1230 1173 1524 1223 Abbatibus
1559 1175 1622 1222 de
1647 1173 1928 1223 Gedewrch
1963 1181 2016 1224 et
2050 1177 2114 1223 de
2139 1175 2397 1223 Driburch

475 1273 605 1330 data,
629 1272 692 1320 ad
715 1273 998 1322 revocanda
1020 1272 1152 1322 bona
1175 1271 1387 1322 ecclefiae
1412 1273 1459 1322 S.
1481 1272 1694 1322 Andree
1716 1272 1890 1322 illicite
1912 1272 2138 1334 alienata.
2210 1276 2395 1338 (1257.)

475 1372 783 1437 Preceptum
809 1372 1092 1421 Alexandri
1117 1371 1211 1421 IV.
1250 1372 1501 1422 directum
1538 1373 1767 1438 episcopo
1793 1372 2160 1422 Dumblanensi
2195 1373 2260 1421 ad
2282 1373 2401 1422 faci-

474 1471 666 1520 endum
703 1471 988 1537 responderi
1013 1471 1283 1535 Gamelino
1307 1472 1537 1538 episcopo
1562 1471 1609 1521 S.
1639 1472 1846 1521 Andree
1868 1472 1932 1522 de
1958 1472 2126 1521 annali
2149 1478 2202 1521 et
2225 1472 2399 1521 reditis

474 1572 694 1620 rectoriae
717 1571 781 1620 de
804 1570 1076 1620 Smalham.
1147 1573 1334 1637 (1258.)

476 1670 766 1720 Commiflio
779 1671 843 1720 ab
851 1671 1249 1720 AlexandroIV.
1271 1671 1387 1720 data
1408 1670 1658 1736 Episcopo
1675 1670 2029 1720 Dunkeldensi
2046 1671 2109 1720 ad
2129 1671 2395 1720 decidend-

473 1786 563 1818 um
600 1769 654 1817 in
690 1769 992 1835 quibusdam
1027 1770 1244 1835 querelis
1267 1770 1457 1819 Prioris
1491 1775 1545 1819 et
1570 1770 1867 1819 Conventus
1903 1769 2114 1820 ecclesiae
2146 1771 2400 1820 cathedra-

472 1869 533 1918 lis
559 1869 605 1918 S.
633 1870 842 1918 Andree
864 1875 1037 1918 contra
1060 1869 1253 1918 nobiles
1275 1869 1409 1918 viros
1435 1869 1610 1918 David
1633 1870 1697 1918 de
1721 1869 1966 1927 LondreS,
1985 1869 2311 1919 Willelmum
2338 1871 2401 1919 de

474 1967 705 2025 Brechin,
745 1968 1027 2034 Hugonem
1052 1968 1358 2026 Giffardum,
1394 1968 1683 2018 Robertum
1706 1968 1770 2017 de
1794 1968 2051 2034 Meyners,
2077 1968 2401 2018 Willelmum

473 2066 536 2115 de
560 2067 715 2132 Haya
737 2073 790 2116 et
811 2067 945 2117 alios,
1017 2069 1202 2132 (1259.)
1265 2136 1267 2138 ¹

472 2166 623 2214 Bulla
642 2166 926 2216 Alexandri
946 2166 1041 2216 IV.
1062 2167 1339 2216 concedens
1363 2166 1661 2216 facultatem
1688 2166 1938 2233 Episcopo
1964 2168 2011 2216 S.
2038 2167 2260 2226 Andree,
2286 2184 2399 2233 pro-

473 2265 683 2314 uidendi
726 2266 793 2314 de
838 2266 1073 2331 personis,
1119 2266 1172 2313 in
1220 2265 1430 2316 ecclesiis
1476 2266 1610 2314 infra
1650 2265 1881 2315 diocesim
1919 2267 2026 2331 ejus
2061 2283 2151 2331 per
2183 2267 2402 2332 spatium

474 2369 504 2412 4·
529 2363 775 2413 mensium
801 2365 1096 2413 vacantibus
1119 2370 1326 2430 propter
1341 2364 1624 2429 questiones
1650 2365 1713 2414 de
1729 2364 1846 2429 jure
1867 2370 2176 2430 patronatus.
2213 2370 2402 2430 (1259.)

475 2462 626 2511 Bulla
656 2463 941 2512 Alexandri
976 2463 1072 2513 IV.
1102 2464 1242 2528 quod
1277 2479 1380 2512 non
1415 2462 1564 2512 liceat
1600 2463 1738 2530 Regi
1771 2479 1865 2512 nec
1897 2463 2047 2513 alicui
2081 2464 2212 2512 bona
2247 2464 2408 2512 mobi-

474 2562 539 2611 lia
563 2561 776 2612 ecclesiae
801 2565 846 2612 S.
873 2563 1085 2611 Andree
1108 2579 1367 2628 occupare,
1402 2579 1521 2611 cum
1558 2563 1818 2628 episcopus
1853 2563 2118 2621 decesserit,
2157 2579 2274 2612 cum
2315 2563 2409 2612 hoc

475 2677 579 2710 non
603 2661 823 2711 habeant
847 2662 910 2710 de
935 2662 1299 2711 consuetudine
1323 2661 1406 2711 vel
1429 2679 1458 2710 a
1473 2661 1605 2727 jure.
1676 2662 1865 2726 (1259.)

477 2760 710 2809 Licentia
732 2761 795 2809 ab
820 2759 1122 2809 Innocentio
1146 2759 1242 2810 IV.
1280 2760 1397 2808 data
1432 2759 1680 2809 Wilelmo
1715 2760 2090 2809 Archidiacono
2127 2761 2174 2809 S.
2200 2762 2408 2809 Andree

475 2859 540 2908 ad
563 2859 844 2908 tenendum
868 2858 1174 2908 beneficium
1196 2875 1316 2908 cum
1333 2875 1451 2908 cura
1470 2859 1770 2916 animarum,
1796 2875 1899 2907 non
1924 2859 2169 2908 excedens
2188 2859 2407 2907 valorem

479 2963 576 3006 100
611 2973 910 3016 marcarum,
933 2963 1117 3023 praeter
1150 2957 1634 3006 Archidiaconatum
1667 2957 1865 3022 aliaque
1899 2957 2139 3006 beneficia
2172 2974 2287 3022 quae
2300 2957 2407 3020 jam

477 3056 688 3105 obtinet.
760 3058 947 3122 (1254.)

478 3154 629 3203 Bulla
653 3154 942 3203 Innocentii
965 3153 1062 3203 IV.
1080 3154 1357 3218 concedens
1382 3153 1520 3202 Abel
1545 3153 1793 3218 Episcopo
1820 3153 1866 3201 S.
1893 3153 2103 3202 Andree
2127 3160 2186 3200 ut
2209 3154 2272 3201 ad
2295 3170 2407 3218 pro-

478 3253 722 3302 visionem
746 3252 957 3318 alicujus
979 3269 1072 3318 pro
1096 3251 1416 3317 pensionibus
1435 3251 1518 3301 vel
1540 3250 1866 3300 ecclesiasticis
1890 3251 2144 3300 beneficiis
2169 3251 2405 3316 compelli
