2938 3932
1303 367 1357 416 lv

411 499 561 548 Carta
585 498 839 547 Willelmi
862 498 1023 564 Regis
1048 498 1110 545 de
1128 499 1280 547 ecciia
1303 498 1367 547 de
1392 499 1521 548 Scofi
1546 528 1556 539 ·
2170 518 2219 567 p.
2242 506 2350 549 220.

408 597 557 646 Carta
581 597 834 646 Willelmi
856 597 1015 662 Regis
1039 597 1103 645 de
1128 597 1276 646 ecciia
1299 597 1362 646 de
1386 598 1666 647 Tharflund
1684 627 1694 638 ·
2275 599 2340 647 ib.

408 695 558 744 Carta
581 695 833 745 Willelmi
857 695 1016 761 Regis
1039 695 1104 743 de
1128 694 1257 744 tofto
1278 696 1331 743 in
1358 696 1583 745 Berewic
1604 727 1613 737 ·
2233 704 2344 745 221.

408 795 557 843 Carta
580 793 833 843 Willelmi
858 794 1018 859 Regis
1043 794 1106 842 de
1130 794 1279 843 eceiia
1305 794 1368 843 de
1390 795 1639 843 hadintun
1661 826 1670 835 ·
2231 802 2341 844 222.

409 893 558 941 Carta
581 893 834 942 Willelmi
857 892 1017 958 Regis
1041 893 1104 941 de
1127 893 1278 942 eccfia
1301 893 1366 941 de
1388 892 1665 959 foregrund
1688 923 1698 932 ·
2276 895 2343 942 ib·

407 991 556 1040 Carta
579 991 835 1040 Willelmi
858 991 1019 1056 Regis
1043 991 1107 1039 de
1131 991 1282 1040 eeciia
1305 991 1369 1040 de
1394 994 1564 1057 Cuper
1581 998 1661 1041 etc
1684 1020 1694 1032 ·
2233 999 2345 1043 223.

406 1090 557 1139 Carta
580 1090 834 1139 Willelmi
859 1090 1019 1156 Regis
1044 1091 1107 1139 de
1131 1091 1283 1140 eeeiia
1308 1091 1372 1139 de
1397 1091 1662 1140 Loseresch
1685 1120 1695 1130 -
2232 1099 2343 1141 224.

406 1188 556 1236 Carta
574 1188 828 1238 Willelmi
852 1189 1012 1254 Regis
1035 1189 1099 1238 de
1122 1189 1394 1238 medietate
1417 1189 1481 1238 de
1504 1189 1749 1254 hadgillin
1774 1218 1783 1227 -
2277 1191 2343 1239 ib.

406 1287 556 1336 Carta
584 1287 832 1336 Willelmi
857 1287 1016 1353 Regis
1041 1287 1105 1336 de
1128 1288 1334 1337 decimis
1352 1317 1362 1328 ·
2232 1295 2344 1338 225.

408 1387 557 1434 Carta
583 1386 834 1435 Willelmi
857 1387 1018 1453 Regis
1043 1387 1107 1435 de
1130 1388 1447 1452 proteecione
1465 1417 1475 1428 ·
2278 1388 2343 1436 ib.

403 1486 553 1534 Carta
583 1486 832 1534 Willelmi
855 1487 1016 1553 Regis
1041 1487 1105 1535 de
1130 1503 1231 1535 una
1257 1491 1428 1545 marca
1452 1488 1504 1535 in
1530 1487 1808 1552 Petmulyn
1829 1515 1840 1527 ·
2229 1489 2341 1537 226·

404 1585 554 1633 carta
580 1585 834 1634 Willelmi
858 1586 1016 1650 Regis
1042 1586 1106 1634 de
1128 1568 1212 1634 Ῥω
1235 1586 1289 1634 in
1314 1586 1599 1635 Garuiach·
2273 1587 2338 1636 ib.

403 1684 553 1732 Carta
581 1683 832 1732 Willelmi
858 1684 1015 1750 Regis
1041 1686 1105 1733 de
1128 1685 1338 1733 materie
1360 1685 1413 1734 in
1438 1685 1619 1734 foresto
1640 1686 1703 1735 de
1729 1685 2012 1735 Benchorin
2037 1713 2047 1725 ·
2231 1692 2340 1739 227.

402 1783 552 1831 Carta
576 1783 831 1831 Willelmi
856 1784 1015 1849 Regis
1039 1784 1102 1832 de
1125 1767 1209 1832 Ῥω
1232 1765 1652 1833 Adhebreeeh'es.
2050 1811 2052 1814 -
2275 1785 2340 1832 ib.

402 1881 552 1929 Carta
577 1880 829 1929 Willelmi
853 1881 1012 1947 Regis
1036 1882 1099 1930 de
1115 1908 1128 1921 ·
1146 1882 1200 1930 xl
1217 1910 1228 1921 ·
1246 1881 1411 1930 solidis
1438 1882 1502 1930 de
1526 1882 1680 1931 Kar-el
1698 1910 1708 1921 ·
2230 1889 2339 1932 228.

401 1981 552 2028 Carta
576 1980 829 2028 Willelmi
852 1981 1013 2046 Regis
1038 1981 1102 2028 de
1125 1996 1228 2029 una
1253 1985 1425 2038 marca
1447 1981 1502 2029 in
1527 1980 1680 2029 Karel
1700 2009 1710 2020 ·
2273 1982 2339 2030 ib.

401 2079 549 2128 Carta
575 2079 828 2129 Willelmi
852 2080 1012 2145 Regis
1037 2080 1100 2128 de
1123 2081 1274 2129 ecclia
1297 2080 1361 2129 de
1384 2080 1639 2146 Eglisgirg
1660 2109 1671 2119 ·
2224 2087 2333 2134 229.

400 2178 736 2228 Confirmacio
759 2180 1045 2228 eommunis
1069 2178 1324 2228 Willelmi
1348 2179 1503 2244 Regis
1524 2208 1534 2218 ·
2226 2186 2335 2228 230.

399 2278 734 2326 Confirmaeio
757 2278 986 2326 c6munis
1010 2277 1297 2327 Alexandri
1320 2277 1481 2343 Regis
1500 2306 1511 2317 ·
2226 2285 2335 2327 232.

400 2378 550 2426 Carta
573 2377 856 2426 Alexandri
881 2377 1042 2443 Regis
1066 2376 1130 2425 de
1153 2377 1448 2426 vendicione
1470 2406 1481 2417 ·
2227 2379 2335 2426 236.

399 2476 548 2525 carta
574 2476 787 2525 comitis
813 2475 991 2524 Dauid
1010 2505 1020 2516 .
1040 2475 1104 2523 de
1125 2456 1212 2523 ‘Bra
1237 2475 1300 2523 de
1325 2475 1627 2540 Forgrund-
2220 2482 2330 2529 237.

397 2576 546 2623 Carta
571 2575 785 2624 Comitis
811 2574 989 2623 Dauid
1012 2574 1076 2622 de
1099 2573 1234 2622 kano
1257 2575 1320 2622 de
1344 2579 1475 2623 terra
1498 2574 1562 2623 de
1585 2573 1852 2639 Eglesgirg
1875 2602 1884 2611 ·
2226 2582 2334 2624 238.

396 2674 547 2723 Carta
571 2674 785 2723 Comitis
812 2673 987 2722 Dauid
1011 2673 1074 2721 de
1099 2672 1229 2722 tofto
1252 2673 1306 2721 in
1331 2668 1495 2738 burg&
1518 2673 1582 2721 de
1607 2672 1803 2721 Dunde
1827 2678 1905 2721 etc
1928 2702 1935 2711 ·
2266 2674 2329 2722 ib.
2394 2670 2399 2674 ⁴

395 2774 546 2822 Carta
570 2773 784 2822 Comitis
813 2773 986 2821 Dauid
1010 2773 1075 2821 de
1112 2773 1273 2836 duab3
1309 2775 1455 2821 caru&
1475 2801 1486 2811 ·
1505 2755 1591 2820 ‘pre
1612 2801 1623 2813 ·
1647 2773 1698 2819 in
1728 2771 2089 2836 Kynalcmund
2114 2774 2143 2837 i}
2169 2773 2329 2820 vocatZ

397 2872 632 2938 Segyden
649 2900 660 2911 ·
1348 2914 1352 2918 .
2220 2877 2328 2923 239.

394 2971 726 3019 Confirmacio
744 2971 950 3036 pmunis
972 2971 1224 3035 Johannis
1247 2971 1339 3019 filii
1364 2971 1579 3020 Comitis
1603 2972 1780 3020 Dauid
1798 3000 1808 3011 ·
2211 2977 2320 3018 240.

394 3070 543 3119 Carta
567 3068 840 3117 Dunecani
862 3068 1062 3117 comitis
1085 3069 1150 3117 de
1173 3069 1269 3118 Fif
1284 3069 1347 3118 de
1370 3069 1568 3118 ecclefia
1591 3070 1655 3117 de
1681 3070 1863 3118 Seonin
1886 3099 1895 3108 ·
2211 3073 2323 3117 241.

395 3169 545 3218 Carta
570 3166 839 3216 Duneeani
863 3166 1061 3215 comitis
1085 3166 1148 3214 de
1171 3166 1267 3214 Fif
1281 3167 1344 3215 de
1368 3167 1565 3216 ecelesia
1588 3167 1651 3215 de
1676 3169 1846 3232 Cupre
1862 3196 1873 3205 ·
2255 3166 2321 3213 ib·

393 3268 544 3317 Carta
572 3267 839 3317 Duneeani
863 3265 1061 3315 comitis
1085 3265 1148 3313 de
1173 3264 1267 3312 Fif
1291 3265 1354 3314 de
1377 3267 1528 3314 eceiia
1551 3267 1614 3314 de
1637 3265 1902 3322 Coarkinch
1924 3294 1935 3304 ·
2208 3271 2321 3314 242.
