2938 3932
1389 351 1463 399 xli

323 483 401 531 68.
455 481 788 530 Confirmatio
818 481 1101 530 Innocentii
1133 482 1284 548 Papae
1309 483 1403 532 IV.
1431 483 1494 532 de
1518 482 1715 532 ecclesia
1739 483 1802 532 de
1826 483 1959 532 Dull
1984 485 2200 532 conceffa
2224 486 2389 533 Priori

453 586 504 628 et
528 581 804 629 conventui
831 581 877 629 S.
904 580 1131 630 Andreae
1153 598 1182 630 a
1206 581 1482 630 Malcolmo
1505 582 1690 631 comite
1715 582 1778 630 de
1802 582 2046 631 Athodel.
2119 585 2262 632 1246.

319 680 395 734 69.
458 678 866 739 Instrumentum
902 679 1271 744 protestationis
1305 696 1370 728 ne
1406 680 1648 730 Canonici
1675 681 1723 730 S.
1756 682 1983 730 Andreae
2006 688 2242 746 caperent
2276 699 2382 746 pre-

443 777 700 840 judicium
736 778 801 826 de
835 793 968 826 nova
1003 777 1200 827 ecclefia
1231 795 1383 844 quam
1410 796 1473 828 ex
1505 782 1706 844 propria
1740 786 1792 829 et
1817 781 2196 845 presumptuosa
2231 787 2387 829 teme-
2474 826 2479 829 ,

451 876 597 924 ritate
627 876 896 942 burgenses
922 876 986 925 de
1023 878 1196 942 Cupro
1230 877 1571 927 fundaverant
1605 878 1707 927 fine
1742 880 1979 928 consensu
2015 880 2386 935 canonicorum,

451 974 662 1023 ecclefiae
687 975 980 1039 parochialis
1005 976 1068 1024 de
1094 976 1269 1042 Cupro
1291 983 1636 1041 patronorum.
1710 984 1852 1027 1431.

322 1080 399 1128 70.
455 1073 601 1122 Bulla
624 1073 815 1122 Leonis
842 1074 912 1123 X.
940 1075 1004 1123 de
1027 1075 1210 1124 eisdem
1235 1075 1568 1141 indulgentiis
1592 1076 1923 1124 concedendis
1948 1077 2264 1125 visitantibus
2301 1078 2388 1125 do-

450 1189 593 1221 mum
631 1175 845 1222 fratrum
881 1174 1252 1238 predicatorum
1292 1175 1346 1222 in
1373 1174 1539 1223 Scotia
1562 1191 1678 1240 quae
1715 1175 2012 1223 obtinentur
2034 1176 2230 1224 visitata
2257 1177 2387 1224 alma

454 1271 608 1320 Urbe.
682 1278 825 1321 1518.
846 1279 852 1285 '

320 1378 395 1426 71.
452 1370 793 1436 Procuratory
829 1372 888 1420 of
924 1371 1225 1438 refignation
1271 1373 1331 1421 of
1361 1390 1390 1421 a
1427 1379 1689 1422 tenement
1726 1374 1778 1421 in
1816 1373 1904 1422 the
1943 1374 2109 1439 Kings
2146 1380 2297 1423 street
2333 1375 2391 1421 of

452 1469 664 1536 Lithgw
688 1470 742 1518 in
767 1470 855 1519 the
877 1470 1038 1519 hands
1062 1471 1122 1519 of
1140 1471 1228 1520 the
1252 1472 1401 1520 Prior
1424 1472 1483 1520 of
1504 1472 1550 1520 St
1573 1472 1825 1521 Andrews
1848 1489 1899 1521 as
1923 1474 2145 1537 superior
2167 1473 2236 1536 by
2258 1473 2386 1520 Wil-
2475 1526 2478 1529 ,

448 1569 603 1631 ligam
630 1569 769 1634 Gray
795 1570 848 1618 in
874 1564 1057 1636 favour
1080 1571 1139 1619 of
1158 1571 1380 1620 Thomas
1405 1571 1578 1635 Dauy.
1653 1577 1796 1621 1501.

320 1676 397 1724 72.
452 1643 859 1716 Instrumentum
896 1669 1045 1734 super
1085 1669 1345 1718 cassatione
1379 1686 1468 1734 per
1499 1669 1764 1719 officialem
1808 1670 1854 1718 S.
1891 1670 2127 1727 Andreae,
2161 1671 2377 1719 duarum

451 1767 814 1816 sententiarum
839 1785 867 1817 a
901 1768 948 1816 se
967 1785 1036 1822 ,ex
1064 1767 1432 1820 inadvertentia
1467 1768 1700 1842 latarum,
1736 1769 1800 1818 de
1834 1768 2041 1819 decimis
2069 1769 2280 1819 ecclefiae
2317 1771 2380 1818 de

451 1866 861 1932 Lynlythquhw.
934 1868 1080 1916 1465.

319 1974 397 2021 ³73.
451 1965 719 2030 Inquifitio
757 1972 1011 2015 retornata
1052 1967 1278 2017 Andreae
1325 1967 1750 2032 Kynninmontht
1789 1967 1985 2015 heredis
2023 1968 2379 2034 consanguinei

448 2065 521 2112 sui
544 2064 793 2114 Johannis
819 2066 1241 2130 Kynninmontht
1267 2066 1331 2115 de
1353 2065 1588 2131 Craghall
1605 2065 1781 2114 militis
1804 2066 1857 2113 in
1883 2066 2027 2114 terris
2052 2066 2114 2114 de
2142 2067 2379 2130 Kynnin-

448 2164 656 2212 montht
678 2163 885 2229 aliisque
908 2181 1034 2230 quas
1059 2165 1123 2213 de
1148 2165 1323 2213 Priore
1353 2167 1399 2214 S.
1428 2165 1651 2214 Andreae
1673 2170 1826 2214 tenet.
1852 2187 1859 2196 ’
1906 2171 2047 2214 1482.

310 2270 395 2323 74.
449 2263 740 2313 Conventio
768 2264 902 2312 inter
925 2270 1237 2313 conventum
1265 2264 1310 2312 S.
1339 2264 1562 2313 Andreae
1586 2270 1638 2312 et
1664 2264 1971 2313 Wilelmum
1999 2264 2197 2312 Giffard
2222 2264 2284 2313 de
2309 2281 2385 2312 ec-

449 2361 589 2410 clefia
613 2362 677 2411 de
701 2362 910 2420 Thelen‚
935 2369 987 2413 et
1009 2363 1120 2412 aliis
1143 2363 1309 2412 rebus.
1379 2363 1546 2424 (Ante
1573 2368 1737 2428 1199.)

312 2447 396 2520 ¹⁸75,
452 2461 864 2511 Instrumentum
899 2461 1231 2511 submiffionis
1256 2462 1445 2511 Prioris
1485 2462 1532 2511 S.
1558 2461 1785 2511 Andreae
1808 2469 1859 2510 et
1883 2462 2129 2511 Johannis
2153 2462 2216 2509 de
2243 2463 2386 2526 Kyn-

391 2574 394 2577 ·
451 2561 734 2610 ninmonde
758 2561 822 2610 de
845 2561 1038 2619 eodem,
1066 2561 1130 2610 de
1152 2561 1384 2610 marchiis
1402 2568 1648 2610 terrarum
1674 2561 1890 2610 suarum.
1963 2567 2103 2609 1448.

322 2665 398 2718 76.
455 2660 606 2709 Carta
630 2659 842 2725 Georgii
866 2660 1085 2725 episcopi
1110 2660 1429 2726 Ergadienfis
1452 2666 1502 2708 et
1528 2660 1721 2708 domini
1745 2660 1808 2708 de
1832 2659 2076 2708 Balcolmi
2102 2660 2164 2707 de
2186 2660 2388 2708 licentia

453 2758 644 2823 lapides
671 2758 943 2824 frangendi
967 2765 1019 2807 et
1043 2759 1327 2808 abducendi
1351 2759 1415 2807 de
1438 2775 1565 2824 rupe
1588 2759 1651 2807 de
1676 2759 1947 2823 Cragmore
1988 2759 2200 2807 concessa
2226 2759 2390 2806 Priori

456 2864 508 2906 et
534 2858 833 2907 Conventui
859 2858 907 2907 S·
937 2859 1172 2908 Andreae.
1244 2863 1387 2908 1445.
