2938 3932
1519 387 1625 436 lviii

634 525 780 573 Carta
804 522 1003 573 Ricardi
1028 521 1090 570 de
1116 519 1335 569 Laseeles
1359 517 1422 566 de
1446 518 1568 580 tribg,
1594 517 1721 566 acris
1732 498 1817 564 ‘Pte
1840 515 1903 563 de
1927 514 2167 562 Frereton
2191 540 2201 550 ·
2356 529 2403 577 p.
2426 518 2538 567 274.

632 621 776 670 Carta
805 620 954 668 Alani
978 620 1040 667 de
1066 617 1283 667 Lasceles
1318 616 1380 664 de
1416 630 1457 663 11
1493 615 1621 663 acris
1645 621 1772 663 terre
1805 613 1855 661 in
1891 611 2122 677 parochia
2157 610 2221 658 de
2264 610 2540 659 Adhenau-

632 718 748 765 then
771 746 781 757 ·
2470 709 2536 758 ib.

631 816 774 864 Carta
800 815 1058 863 Dunecani
1096 812 1158 860 de
1184 811 1403 861 Lasceles
1442 810 1504 858 de
1542 825 1584 858 11
1622 809 1749 858 acris
1774 808 1996 869 terre-in
2032 808 2280 856 territorio
2318 807 2381 855 de
2422 807 2539 873 Seg-

626 914 709 976 gin
730 941 740 951 ·
2425 912 2537 960 275.

629 1011 776 1059 Carta
799 1010 916 1059 Ade
939 1010 1027 1058 filii
1053 1009 1256 1059 Abrahe
1279 1009 1341 1057 de
1366 1009 1505 1057 Lura
1530 1008 1593 1055 de
1617 1006 1707 1070 t²b3
1731 1006 1858 1054 acris
1870 988 1956 1053 pre
1978 1006 2030 1053 in
2055 1005 2190 1053 lura·
2426 1006 2537 1059 276.

625 1112 770 1159 Carta
798 1108 1033 1157 &Valdeui
1058 1108 1120 1156 de
1147 1106 1460 1156 Stratheihan
1485 1107 1548 1154 de
1570 1087 1654 1153 pra
1677 1105 1739 1154 de
1762 1104 2061 1170 Blaregerog
2082 1133 2092 1143 ·
2469 1104 2533 1153 ib.

628 1200 772 1256 Carta
806 1207 1048 1271 Johannis
1090 1207 1152 1254 de
1188 1212 1360 1253 monte
1398 1205 1524 1253 forte
1561 1204 1623 1252 de
1662 1218 1747 1252 ΧΠ
1787 1202 1998 1251 denariis
2039 1202 2102 1250 de
2141 1202 2285 1250 firma
2321 1202 2384 1251 de
2419 1203 2538 1251 Pet-

626 1306 751 1354 colin
775 1335 785 1346 ·
2423 1308 2533 1356 277.

626 1404 769 1452 Carta
798 1403 1037 1451 willelmi
1063 1403 1151 1451 filii
1176 1403 1369 1451 comitis
1394 1402 1598 1451 Patricii
1621 1407 1672 1449 et
1697 1400 1907 1451 Cristine
1926 1399 2112 1449 Corbet
2137 1401 2306 1466 sponse
2340 1401 2447 1465 ejus
2470 1402 2534 1450 de

623 1501 902 1565 refig‘cione
925 1501 1060 1550 holm
1082 1530 1093 1541 ·
2419 1506 2533 1555 278.

625 1599 770 1648 Carta
794 1599 979 1665 Rogeri
1008 1599 1259 1664 VVyrfaud
1283 1600 1345 1648 de
1368 1581 1450 1647 Ῥω
1474 1600 1524 1647 in
1548 1580 1749 1647 Pritorio
1772 1598 1835 1646 de
1859 1598 2125 1647 Cuneveth
2149 1628 2158 1639 ·
2419 1606 2528 1655 279.

622 1698 945 1746 Confirmacio
970 1698 1187 1762 Capituli
1211 1698 1273 1746 de
1299 1698 1587 1747 Aberbroth
1621 1698 1901 1746 donationis
1935 1714 2090 1762 quam
2116 1698 2347 1763 Rogerus
2373 1699 2531 1764 Wyr-

536 1803 540 1806 ’
619 1796 734 1843 saud
758 1796 949 1844 ecclesie
973 1796 1113 1844 fecit·
1519 1863 1522 1867 ⁴
1599 1842 1602 1845 .
2462 1798 2527 1847 ib.

619 1877 763 1941 Carta}
788 1893 1059 1941 Alexandri
1086 1894 1147 1942 de
1174 1894 1408 1943 Striuelin
1435 1894 1497 1942 de
1520 1895 1678 1960 capfla
1700 1894 1763 1942 de
1790 1895 2099 1945 Laurenston
2119 1923 2130 1935 ·
2414 1902 2526 1946 280.

617 1992 761 2038 Carta
786 1991 902 2039 Ade
925 1991 1013 2039 filii
1038 1992 1235 2041 Odonis
1247 1993 1310 2041 de
1335 1999 1464 2041 terra
1487 1994 1537 2041 in
1566 1993 1683 2042 villa
1708 1994 1876 2043 Sancti
1900 1994 2109 2043 Andree
2129 2023 2139 2033 ·
2410 2002 2522 2047 281.

617 2089 880 2153 Relignaffi
905 2090 1159 2139 Malcolmi
1184 2092 1378 2139 comitis
1401 2092 1464 2139 de
1490 2092 1583 2140 Fif
1602 2093 1664 2140 de
1680 2092 1797 2157 jure
1819 2093 1906 2141 suo
1930 2094 1982 2141 in
2009 2093 2240 2143 Achmor
2260 2123 2270 2133 ·
2410 2101 2521 2144 282.

615 2187 935 2236 Confirmatio
972 2189 1250 2237 Alexandri
1291 2190 1496 2255 Cumyn
1538 2192 1734 2240 comitis
1772 2192 1837 2240 de
1875 2192 2082 2241 Buchan
2123 2209 2270 2258 super
2310 2193 2519 2243 dimidia

614 2300 771 2333 marca
794 2285 855 2333 de
877 2286 1018 2334 firma
1041 2287 1102 2335 de
1127 2289 1396 2336 Inuerinhe
1417 2318 1427 2327 ·
2454 2293 2519 2342 ib.

615 2363 762 2429 (farta
784 2382 973 2448 Rogeri
996 2385 1058 2431 de
1083 2385 1277 2450 Merlay
1301 2386 1363 2434 de
1387 2403 1484 2435 vna
1507 2404 1615 2437 acra
1636 2369 1719 2437 pre
1742 2395 1759 2436 i
1783 2389 1909 2438 katil
1925 2418 1936 2429 ·
2407 2398 2518 2442 283.

614 2481 759 2528 Carta
785 2480 1016 2546 Hugonis
1039 2483 1233 2533 Giffard
1257 2485 1319 2533 de
1343 2492 1469 2534 terra
1492 2487 1554 2535 de
1576 2489 1854 2554 Petpontin
1874 2518 1884 2528 ·
2407 2497 2517 2541 284.

619 2578 764 2627 Carta
790 2580 1025 2646 Hugonis
1048 2582 1110 2631 de
1134 2583 1290 2632 Nidin
1316 2585 1378 2633 de
1403 2586 1657 2652 Burgagio
1681 2595 1853 2654 empto
1876 2589 1929 2637 in
1954 2589 2073 2638 villa
2093 2590 2162 2639 sci
2187 2591 2336 2639 And?
2355 2619 2365 2630 ·
2450 2591 2515 2639 ib.

616 2676 761 2724 Carta
778 2677 1045 2743 Rychende
1067 2681 1166 2729 filie
1182 2682 1437 2748 Wynfridi
1462 2685 1524 2733 de
1543 2685 1748 2753 Bercley
1771 2687 1835 2736 de
1857 2670 1941 2736 ‘Pra
1963 2688 2017 2736 in
2033 2688 2317 2738 Cuneueth·
2403 2696 2513 2739 285.

613 2774 936 2824 Confirmacio
954 2777 1161 2827 Roberti
1178 2780 1366 2830 abbatis
1384 2782 1446 2830 de
1462 2783 1741 2833 Abirbroth
1758 2785 1821 2834 de
1837 2791 1965 2835 terra
1980 2786 2034 2835 in
2053 2787 2341 2836 Cuneueth·
2398 2789 2510 2838 286.

612 2872 756 2919 Carta
780 2873 908 2922 Nesti
934 2875 1019 2923 filii
1048 2877 1310 2927 Willielmi
1333 2880 1395 2928 de
1418 2882 1566 2930 ecclia
1588 2882 1651 2931 de
1677 2883 1895 2933 Lochres
1917 2913 1927 2923 ·
2399 2893 2510 2941 287.

612 2969 931 3020 Confirmatio
954 2974 1153 3023 orabilis
1166 2977 1399 3026 comitisse
1421 2978 1484 3027 de
1508 2980 1623 3028 Mar
1646 2981 1711 3029 de
1733 2982 1852 3031 eade
1874 2985 1985 3032 ecca
2001 3012 2012 3023 ·
2445 2986 2509 3035 ib.

612 3067 932 3118 Confirmatio
957 3071 1147 3121 Mathei
1170 3075 1381 3140 episcopi
1403 3076 1764 3128 Aberdonenfis
1786 3081 1919 3130 ei9de
1941 3084 2051 3130 ecce
2070 3111 2080 3121 ·
2396 3090 2508 3134 288.

612 3164 930 3215 Confirmatio
954 3168 1185 3218 Duncani
1209 3173 1404 3221 comitis
1428 3174 1490 3223 de
1515 3175 1607 3224 Fif
1622 3177 1684 3224 de
1708 3178 1839 3227 dicta
1861 3179 2053 3229 ecclelia
2076 3209 2086 3219 ·
2439 3183 2503 3231 ib.

614 3261 758 3309 Carta
785 3264 1043 3315 Willielmi
1068 3267 1223 3333 Regis
1246 3270 1308 3318 de
1331 3273 1478 3321 ecclia
1501 3274 1564 3323 de
1589 3275 1808 3325 Lochres
1826 3306 1836 3316 ·
2393 3287 2502 3335 289,
