2938 3932
345 2576 390 2620 4.

347 2774 390 2818 5.

523 1379 937 1437 EXCERPTA
995 1385 1333 1444 QUEDAM
1392 1386 1499 1435 DE
1560 1385 1836 1434 MAGNO
1895 1384 2274 1450 REGISTRO

949 1484 1387 1535 PRIORATUS
1425 1485 1474 1536 S.
1511 1483 1850 1534 ANDREE.

1066 1681 1386 1731 CONTENTA
1408 1681 1703 1731 REG1s'rR1.

444 1877 507 1925 In
532 1877 773 1942 Registro
798 1877 1059 1925 Prioratus
1085 1876 1135 1926 S.
1160 1876 1372 1925 Andree
1396 1877 1513 1925 sunt
1533 1893 1545 1925 ε

378 2013 387 2022 .
441 1975 851 2025 Instrumentum
898 1973 1154 2024 electionis
1198 1973 1446 2024 Johannis
1488 1975 1551 2024 de
1592 1974 1931 2040 Haddington
1967 1976 2019 2024 in
2054 1976 2273 2041 priorem
2311 1977 2358 2026 S.

442 2075 667 2123 Andree.

443 2173 593 2222 Carta
626 2189 715 2237 per
753 2172 1046 2222 Gilbertum
1091 2171 1328 2236 priorem,
1363 2171 1495 2221 faeta
1527 2171 1746 2221 Ricardo
1786 2171 1892 2220 filio
1926 2172 2134 2238 Rogeri‚
2169 2173 2233 2221 de
2269 2174 2364 2222 Fe.

440 2272 636 2322 dinche.

2410 1381 2499 1411 Ilarl
2523 1380 2600 1410 MS.

2409 1422 2495 1450 4623.

443 2370 565 2420 Alia
588 2375 721 2419 carta
745 2385 835 2435 per
858 2368 1151 2456 Wodterum
1178 2369 1414 2434 priorem,
1438 2368 1576 2418 dieto
1609 2369 1830 2434 Rogero,
1855 2386 1956 2434 qua
1992 2375 2120 2419 terre
2154 2371 2365 2420 fuerunt
2410 2431 2412 2433 ‚

441 2471 496 2518 in
520 2473 654 2518 carta
676 2467 952 2518 secundum
975 2467 1163 2516 limites
1186 2466 1453 2533 designate.

442 2568 647 2619 Relatio
694 2567 822 2633 quid
867 2566 1101 2616 acciderit
1146 2566 1210 2614 de
1266 2566 1592 2615 contraverfia
1648 2573 1763 2631 post
1819 2574 2036 2617 mortem
2094 2566 2365 2617 Willielmi

444 2668 655 2717 Phraser
678 2666 936 2732 Episcopi,
961 2671 1013 2714 et
1035 2664 1432 2714 instrumentum
1456 2665 1520 2714 de
1543 2681 1616 2723 e0,
1643 2667 1786 2720 1209.

444 2766 672 2832 Antiqua
716 2765 893 2815 allusio
930 2765 991 2815 de
1024 2779 1222 2814 numero
1255 2763 1545 2837 septenaria,
1579 2771 1630 2814 et
1659 2765 1701 2813 I
1697 2766 2012 2831 nterpretatio
2044 2765 2136 2815 loci
2159 2765 2365 2830 Apocal.

442 2867 504 2915 de
527 2872 570 2920 7.
594 2863 784 2930 sigillis.

278 3033 280 3035 Ι
350 2967 394 3015 6.
449 2964 651 3015 Decifio
687 2962 1014 3013 contraverfie
1047 2963 1181 3011 inter
1217 2961 1467 3011 Keledeos
1502 2969 1555 3010 et
1587 2962 1896 3028 Episcopum
1932 2963 1994 3011 de
2019 2962 2365 3027 jurisdictione

449 3063 571 3129 agri,
601 3078 690 3128 per
713 3061 967 3113 Thomam
991 3060 1347 3126 Ranulphum,
1384 3060 1737 3110 Guardianum
1772 3062 1895 3111 citra
1926 3061 2071 3110 Mare
2096 3060 2363 3117 Scotieum,

449 3163 517 3212 A.
544 3167 688 3216 1309.

351 3268 397 3316 7.
458 3261 724 3311 Tractatue
746 3259 807 3310 de
828 3257 1340 3313 dictionibusBiblioe
1375 3259 1534 3324 usque
1555 3258 1618 3307 ad
1642 3257 1728 3307 fol.
1753 3263 1830 3306 44.

1376 3356 1414 3402 d
