2938 3932
344 697 437 744 49.

359 992 435 1035 50.

357 1287 434 1330 51.

356 1881 431 1923 53.

356 2077 433 2121 54.

357 2276 433 2319 55.

358 2771 435 2819 57.

1345 384 1347 386 ·
1375 365 1540 413 xxxix

492 501 774 544 conventus
810 495 874 543 de
920 494 1268 543 Balmorinach
1308 495 1641 553 solummodo,
1688 494 1928 544 solvendo
1961 501 2027 544 -25
2066 496 2289 544 denarios
2314 513 2414 560 ,pro

492 592 810 656 synodalibus
834 599 886 642 et
908 593 1256 642 cathedratico.
1330 599 1473 643 1435.

477 690 772 740 ‘Indentura
806 691 1153 740 conventionis
1187 692 1319 740 inter
1343 693 1571 741 Priorem
1595 697 1647 740 et
1671 691 1997 741 Conventum
2025 692 2072 741 S.
2098 692 2334 749 Andreae,
2365 700 2415 740 et

491 789 774 838 Johannem
813 790 875 838 de
901 790 1017 838 Blar
1040 789 1244 854 ejusque
1278 795 1517 847 tutorem,
1542 790 1876 840 demutando
1911 789 2006 838 situ
2041 789 2319 838 molendini
2352 792 2413 838 de

493 888 685 953 Nidyn.
736 890 899 938 1286.

491 985 758 1050 Inquisitio
805 987 868 1035 de
908 986 1158 1036 Wilelmo
1205 987 1545 1052 Monypenny
1580 988 1777 1037 haerede
1825 988 2038 1037 Thomae
2073 988 2412 1053 Monypenny

487 1085 641 1149 patris
675 1086 729 1133 in
766 1086 907 1134 terris
939 1085 1286 1151 dePetmuly
1320 1102 1436 1151 quae
1475 1091 1716 1135 tenentur
1750 1087 1804 1134 in
1840 1087 2003 1154 capite
2042 1087 2104 1135 de
2143 1088 2317 1135 Priore
2365 1087 2413 1135 S.

487 1183 725 1236 Andreae.
797 1189 940 1234 1454.

471 1281 890 1331 ⁴Instrumentum
917 1282 1286 1348 compositionis
1302 1283 1444 1332 inter
1467 1283 1776 1349 Episcopum
1804 1287 1849 1333 S.
1877 1283 2101 1335 Andreae
2116 1291 2166 1332 et
2184 1285 2411 1332 Priorem

487 1386 537 1428 et
561 1381 842 1446 capitulum
867 1381 929 1429 de
944 1381 1079 1446 justa
1103 1383 1360 1431 taxatione
1383 1381 1696 1431 ecclefiarum
1721 1383 2322 1448 parochialiumdiocefis,
2357 1385 2409 1431 in

472 1495 591 1544 ‘quo
613 1479 843 1528 scribitur
865 1479 1003 1528 bulla
1025 1479 1224 1529 Urbani
1248 1480 1343 1529 IV.
1415 1482 1558 1530 1263.

424 1616 434 1628 .
489 1577 819 1626 Confirmatio
844 1578 1110 1650 Margeriae
1133 1578 1197 1628 de
1221 1578 1412 1628 Lascell
1434 1579 1618 1638 viduae,
1655 1579 1719 1628 de
1757 1580 1961 1629 matrice
1995 1580 2194 1629 ecclefia
2217 1581 2279 1629 de
2302 1581 2414 1629 Ad-

487 1683 703 1725 nauctan
727 1676 910 1725 scilicet
934 1677 997 1726 de
1016 1677 1289 1742 Forgrund
1324 1693 1442 1726 cum
1478 1653 1664 1743 capella
1687 1678 1750 1727 de
1773 1679 2085 1727 Adnauctan
2109 1685 2160 1727 et
2184 1686 2409 1728 carucata

488 1782 645 1832 terrae,
670 1776 885 1828 concefl'a
910 1776 1159 1824 canonicis
1185 1776 1242 1832 S„
1259 1775 1485 1827 Andreae
1507 1776 1570 1824 ab
1594 1776 1766 1825 Alano
1790 1777 1853 1825 de
1872 1776 2068 1829 ,Lascell
2086 1777 2192 1843 ejus
2220 1783 2371 1842 patre.

489 1874 717 1922 Donatio
741 1874 982 1922 Duncani
1006 1874 1204 1923 comitis
1228 1874 1291 1923 de
1314 1873 1442 1939 Fyff
1457 1874 1705 1923 canonicis
1730 1875 1777 1923 S.
1804 1874 2031 1923 Andreae
2064 1875 2196 1924 facta
2231 1876 2294 1924 de
2328 1893 2411 1941 pa-

485 1979 688 2023 tronatu
711 1973 920 2022 ecclefiae
943 1973 1006 2021 de
1032 1973 1298 2038 Kylgouer
1320 1989 1439 2023 cum
1464 1978 1593 2025 terra
1615 1973 1901 2039 pertinente
1925 1973 2146 2023 ecclesiae.
2218 1977 2361 2023 1316.

487 2071 818 2120 Confirmatio
843 2072 1056 2120 Henrici
1080 2072 1276 2120 comitis
1311 2071 1374 2119 de
1410 2071 1644 2120 Hathodl
1675 2072 1806 2120 facta
1840 2073 2088 2125 canonicis
2115 2073 2160 2122 S.
2187 2073 2410 2122 Andreae

462 2204 463 2207 =
487 2172 551 2220 de
574 2170 770 2220 ecclefia
794 2170 856 2220 de
882 2170 1013 2219 Dull
1035 2170 1354 2221 a-Malcolmo
1378 2171 1577 2229 comite,
1604 2170 1711 2235 ejus
1734 2176 1890 2236 patre,
1915 2171 2142 2220 concefl'a.

488 2269 638 2318 Carta
663 2269 882 2335 Agnetis
916 2268 1169 2318 comitiffae
1208 2268 1271 2317 de
1306 2270 1424 2318 Mar
1460 2267 1589 2320 facta
1627 2269 1875 2322 canonicis
1902 2269 1948 2321 S.
1976 2269 2201 2318 Andreae
2236 2270 2299 2319 de
2333 2287 2409 2318 ec-

488 2369 626 2418 clefia
650 2367 698 2417 S.
724 2367 910 2417 Finani
932 2367 996 2416 de
1021 2367 1280 2433 Miggeve.
1350 2370 1672 2431 (1153—78.)

491 2466 821 2516 Confirmatio
844 2466 1096 2530 Marjoriae
1117 2465 1310 2514 Cumin
1339 2465 1593 2515 comitifl'ae
1617 2465 1680 2515 de
1703 2466 1914 2514 Buchan
1934 2465 2070 2516 facta
2093 2468 2339 2516 canonicis
2362 2468 2409 2518 S.

490 2566 714 2614 Andreae
737 2565 801 2615 de
823 2564 1018 2614 ecclefia
1042 2565 1105 2614 de
1131 2565 1486 2630 Kennauchyn
1523 2565 1908 2630 quamdederat
1933 2564 2251 2630 Merlesuayn
2276 2565 2409 2614 filius

476 2663 699 2713 colban.
770 2665 833 2725 <c⁶
859 2668 1158 2729 1220—40.)

491 2762 821 2813 Confirmatio
843 2779 933 2828 per
957 2762 1291 2812 Malcolmum
1314 2762 1477 2811 filium
1507 2762 2058 2828 Moreg1·undi.comitis
2072 2762 2148 2815 ,de
2177 2763 2303 2820 Mar,
2324 2763 2410 2811 do-

482 2862 704 2912 nationis
737 2861 892 2927 patris
929 2862 1007 2911 sui
1044 2861 1108 2910 de
1144 2860 1339 2911 ecclefia
1365 2860 1533 2910 Sancti
1558 2860 1813 2910 Muluoch·
1834 2861 1897 2909 de
1921 2860 2229 2917 Taruelund,
2263 2861 2409 2910 factae

489 2960 736 3011 canonicis
761 2961 808 3011 S.
836 2960 1061 3010 Andreae
1076 2948 1202 3009 'cum
1225 2965 1356 3008 terra
1382 2959 1766 3024 Hachadgouan
1803 2964 1857 3008 et
1890 2959 2095 3017 decimis
2119 2959 2276 3007 totius
2298 2960 2407 3011 rede

489 3061 626 3109 ditus
648 3061 747 3109 sue.
818 3060 1138 3124 (1204—27.)

467 3155 819 3215 „Confirmatio
857 3156 1120 3215 Malcolmi
1159 3156 1253 3210 filii
1293 3156 1534 3230 Duncani
1558 3155 1796 3214 Comitis
1830 3155 1893 3208 de
1918 3155 2032 3214 .Fif,
2073 3155 2406 3214 donationum
