2938 3932
480 554 555 597 21.

483 845 559 887 22.

482 1040 557 1083 28.

482 1331 556 1375 24.

482 1721 557 1762 25.

1468 412 1629 460 xxxvi

606 547 752 597 Carta
775 546 984 597 Roberti
1006 546 1215 611 episcopi
1243 544 1290 593 S.
1315 542 1522 592 Andree
1544 539 1839 590 confirmans
1862 536 2123 587 Rodberto
2154 535 2319 601 primo
2342 536 2494 599 priori

606 643 949 694 canonicorum
968 642 1015 692 S.
1034 641 1250 697 Andree,
1268 639 1541 705 prioratum
1557 636 1932 692 canonicorum
1953 640 2004 683 et
2021 632 2258 682 fratribus
2273 632 2493 696 ejusdem

607 741 699 791 loci
722 740 922 790 liberam
946 738 1235 788 electionem
1260 736 1459 786 PrioriS.
1529 740 1770 784 1150—8.

608 837 831 888 Donatio
866 835 1067 886 Ricardi
1107 834 1317 900 episcopi
1356 834 1404 884 S.
1428 832 1636 881 Andree
1672 830 1918 881 canonicis
1951 829 1999 878 S.
2026 828 2234 878 Andree
2270 829 2402 879 facta
2434 830 2497 877 de

608 934 788 1000 capella
809 934 871 983 de
895 932 1173 982 Inclithore.
1242 934 1523 994 (1170—2.)

610 1035 900 1098 Preceptum
925 1030 1170 1080 Willelmi
1193 1030 1404 1095 episcopi
1441 1028 1487 1078 S.
1513 1027 1720 1077 Andree
1741 1026 1803 1075 ad
1827 1003 2174 1075 inducendum
2198 1025 2425 1075 Priorem
2451 1034 2503 1076 et

606 1135 906 1180 conventum
936 1129 984 1178 S.
1018 1128 1223 1178 Andree
1255 1128 1306 1175 in
1340 1125 1637 1191 corporalem
1673 1123 2004 1190 posseffionem
2040 1123 2247 1173 ecclefiae
2281 1124 2345 1173 de
2369 1125 2501 1173 Der-

606 1228 736 1292 vesy,
758 1228 832 1276 ase
853 1226 1031 1275 eisdem
1054 1225 1256 1276 collatae,
1319 1229 1459 1274 1304.

609 1323 890 1375 Commiffio
905 1323 1119 1372 Walteri
1137 1323 1345 1388 episcopi
1363 1323 1409 1371 S.
1427 1321 1633 1370 Andree
1646 1320 1941 1386 quibusdam
1966 1321 2370 1385 procuratoribus
2385 1322 2499 1371 data

607 1421 669 1471 ad
692 1421 966 1487 recipienda
988 1420 1177 1469 annalia
1201 1421 1429 1469 omnium
1456 1418 1762 1468 ecclesiarum
1786 1418 2073 1467 vacantium
2097 1418 2230 1467 infra
2253 1418 2499 1477 diocefim,

609 1518 814 1568 concessa
838 1534 924 1584 per
944 1519 1149 1584 gratiam
1174 1517 1483 1583 apostolicam
1507 1517 1569 1565 ad
1593 1517 1949 1582 reparationem
1974 1515 2182 1566 ecclefiae
2201 1516 2248 1566 S.
2275 1518 2499 1576 Andree,

611 1617 864 1681 inopinato
886 1617 993 1665 casu
1009 1616 1113 1680 jam
1137 1614 1527 1681 quafi'funditus
1550 1614 1819 1664 destructae.
1889 1614 1998 1664 Ult.
2024 1615 2251 1680 Augusti
2277 1617 2419 1666 1386.

611 1713 836 1788 Facultas
875 1714 989 1762 data
1024 1728 1111 1779 per
1131 1712 1378 1762 Jacobum
1418 1712 1702 1778 episcopum
1742 1713 1789 1761 S.
1815 1712 2024 1762 Andree
2060 1713 2206 1775 (vicis
2238 1722 2498 1780 gerentem

515 1852 519 1855 .
609 1812 792 1861 Prioris
815 1813 865 1860 in
890 1811 1111 1877 partibus
1134 1810 1463 1860 transmarinis
1487 1810 1701 1880 agentis)
1725 1811 1788 1859 ad
1811 1811 2066 1876 eligendos
2090 1812 2266 1862 fratres
2296 1814 2348 1861 in
2384 1830 2500 1863 con-

483 2400 559 2446 27.

487 2884 564 2928 28.

607 1916 813 1958 ventum
838 1910 1180 1958 canonicorum
1207 1909 1253 1957 S.
1282 1908 1498 1957 Andree.
1568 1914 1599 1961 7
1621 1908 1734 1958 Oct.
1761 1914 1903 1962 1457.

483 2043 509 2055 -
546 2045 554 2053 .
606 2006 875 2056 Declaratio
912 2006 1081 2055 Jacobi
1105 2006 1478 2071 Archiepiscopi
1518 2007 1564 2055 S.
1590 2006 1799 2056 Andree
1833 2008 1881 2056 se
1915 2008 2142 2073 recepifl'e
2179 2026 2207 2058 a
2235 2010 2412 2060 Priore
2450 2012 2496 2061 S.

607 2105 809 2154 Andree
833 2103 1110 2161 2501ibras,
1147 2102 1414 2152 subsidium
1437 2102 1618 2153 scilicet
1655 2121 1684 2153 a
1717 2105 2007 2154 monasterio
2040 2111 2093 2156 et
2126 2106 2334 2158 ecclesiis
2367 2125 2502 2158 com-

606 2201 897 2250 mensalibus
932 2201 1159 2250 debitum
1197 2201 1584 2266 Archiepiscopo
1623 2202 1813 2252 ratione
1848 2205 2179 2268 promotionis
2216 2206 2279 2255 ad
2319 2208 2498 2257 sedem.

609 2303 670 2352 19
692 2298 817 2347 Julii
842 2298 985 2346 1506.

610 2394 880 2443 Indentura
901 2395 1030 2443 inter
1050 2394 1275 2443 Priorem
1299 2396 1346 2444 S.
1372 2395 1577 2446 Andree
1600 2402 1651 2444 et
1673 2397 1919 2447 Gillemor
1944 2400 2118 2449 Scoloo
2141 2401 2205 2451 de
2228 2402 2501 2454 Tarvalont

610 2491 861 2540 hominem
884 2491 990 2556 ejus
1010 2491 1187 2555 ligium
1210 2497 1263 2540 et
1284 2492 1527 2551 nativum,
1552 2510 1652 2558 qua
1686 2502 1888 2559 pactum
1926 2497 1996 2546 est
2032 2505 2093 2547 ut
2116 2498 2353 2550 Gillimor
2386 2502 2500 2552 effet

612 2603 728 2637 cum
756 2588 806 2638 J.
828 2588 931 2637 filio
955 2587 1211 2654 Morgund
1233 2589 1426 2639 comitis
1450 2590 1512 2638 de
1536 2590 1651 2640 Mar
1672 2593 2107 2657 quamdiuPriori
2125 2597 2396 2663 placuerit;
2430 2603 2501 2650 ita

612 2685 747 2750 quod
780 2685 880 2750 ipse
913 2691 964 2734 et
999 2685 1105 2750 ejus
1157 2685 1298 2735 liberi
1342 2702 1458 2735 cum
1503 2693 1609 2737 tota
1644 2705 1816 2738 eorum
1855 2691 2141 2743 substantia
2164 2696 2229 2744 ad
2274 2698 2502 2748 Priorem

611 2788 847 2847 tanquam
869 2783 1024 2831 nativi
1047 2782 1270 2832 homines
1291 2783 1364 2832 sui
1388 2791 1710 2836 revertentur.
1779 2794 1921 2839 1222.

613 2879 761 2928 Carta
780 2878 1054 2928 Alexandri
1076 2879 1139 2929 de
1160 2879 1408 2939 Strivelin,
1441 2897 1505 2932 ne
1538 2884 1719 2948 capella
1750 2886 1835 2934 sua
1856 2887 1920 2937 de
1943 2888 2309 2943 Laurencistun
2333 2894 2500 2959 jactu-

613 2991 715 3023 ram
737 2975 951 3040 aliquam
974 2976 1144 3026 afferat
1166 2978 1355 3027 matrici
1378 2979 1584 3029 ecclefiae
1600 2980 1662 3031 de
1680 2981 1975 3052 Eglisgirge,
1999 2992 2051 3036 et
2073 2989 2137 3038 de
2158 2993 2500 3058 recognitione

613 3072 758 3121 unius
779 3071 915 3124 librae
935 3088 1056 3124 cerae
1077 3075 1332 3124 annuatim
1355 3075 1598 3128 solvendae
1625 3084 1849 3146 tempore
1881 3084 2222 3138 nundinarum
2258 3089 2322 3139 de
2344 3091 2504 3143 Mun-

613 3184 703 3218 ros.
769 3175 908 3220 1243.

489 3272 565 3322 89.
615 3266 800 3326 Quieta
822 3267 1049 3318 clamatio
1060 3269 1096 3319 J
1098 3267 1304 3319 ohannis
1318 3271 1534 3323 Abbatis
1559 3274 1622 3325 de
1645 3274 1992 3340 Dunfermlin,
2017 3282 2080 3332 de
2100 3284 2311 3336 dimidia
2334 3304 2502 3341 marca
