2938 3932
1523 378 1615 428 lxii

626 518 773 569 Bulla
795 515 1075 580 Innocencij
1101 528 1226 580 pape
1247 511 1310 560 de
1332 508 1526 559 ecclesia
1547 508 1611 556 de
1637 507 1818 556 Locres
1839 532 1850 545 ·
2338 517 2387 566 p.
2413 506 2524 551 250.

627 616 773 666 Bulla
797 613 1074 677 Innocencij
1101 626 1225 677 pape
1247 609 1310 657 de
1331 606 1537 656 ecclesiis
1559 605 1622 653 de
1647 605 1830 653 Locres
1853 607 1904 650 et
1928 600 2148 649 Loscresc
2169 626 2180 638 ·
2417 604 2530 647 351.

625 713 772 763 Bulla
796 709 1073 774 Innocencij
1099 723 1224 773 pape
1246 705 1308 754 de
1331 704 1501 754 eadem
1525 701 1690 751 eclesia
1714 701 1777 748 de
1801 700 1985 748 Locres
2007 726 2018 737 ·
2418 701 2529 745 352.

627 810 870 876 Cyrogffn
907 790 988 855 in‘P
1016 806 1119 872 hug
1139 834 1149 844 ·
1167 804 1279 868 epm
1300 831 1311 841 ·
1334 813 1366 850 ‘t
1391 801 1500 849 σοίῆ
1523 828 1533 839 ·
1555 799 1787 847 duncanfi
1806 825 1816 836 ·
1835 796 1898 845 de
1938 794 2189 844 moledino
2228 793 2292 842 de
2335 794 2531 843 Derue-

624 908 692 956 fin
713 936 724 947 ·
2419 898 2531 942 353.

627 1006 772 1055 Carta
797 1002 1003 1052 Roberti
1027 1001 1089 1049 de
1112 999 1298 1058 Quinci
1323 998 1384 1045 de
1410 996 1562 1062 placia
1586 994 1764 1043 veteris
1787 991 1972 1042 castelli
1998 992 2060 1039 de
2086 990 2291 1040 Forfare
2313 1019 2324 1030 ·
2418 996 2529 1040 354.

627 1103 883 1167 Incipiunt
906 1102 1163 1148 taxaffones
1186 1097 1358 1146 ecca‘r
1393 1106 1426 1143 ”t
1456 1094 1707 1151 benefiffin
1742 1090 2000 1149 ecc‘sticooi
2035 1089 2314 1138 Abdonen3
2347 1089 2529 1155 dyoces'⁴

628 1200 851 1248 distincte
897 1217 927 1261 p
966 1198 1197 1246 decanat⁹
1239 1207 1270 1243 ‘t
1311 1200 1363 1259 p⁰
1405 1212 1435 1256 p
1472 1193 1710 1241 decanatfi
1752 1189 1815 1238 de
1840 1193 1994 1245 COarr‘
2035 1187 2277 1237 Bouchan
2319 1192 2371 1237 et
2404 1187 2531 1236 Gar-

628 1296 768 1346 uiach
787 1325 797 1335 -
2412 1292 2527 1336 355.

626 1359 872 1443 Taxacoes
895 1392 1059 1458 g‘bar*
1086 1404 1118 1441 ’ἱ
1140 1375 1269 1439 ‘Prar‘’
1292 1386 1434 1439 eccffiw
1455 1388 1766 1455 ptigencium
1790 1385 2021 1434 abbatem
2040 1385 2104 1433 de
2123 1385 2362 1434 Lundors
2378 1414 2389 1426 ·
2418 1391 2528 1436 358.

624 1493 669 1541 Τ
671 1495 906 1541 axacones
928 1474 1069 1540 prat-fi
1092 1490 1255 1538 abbat*
1280 1489 1342 1537 de
1364 1487 1563 1536 lundor‘
1581 1515 1593 1526 ·
2418 1490 2530 1538 359.

624 1591 908 1639 Taxacbnes
931 1589 1110 1653 epatufi
1133 1588 1283 1637 scocie
1306 1587 1421 1652 q⁰ad
1443 1585 1629 1634 auxilia
1650 1584 1810 1650 pp‘iia
1831 1613 1840 1623 ·
2365 1647 2367 1649 ‚
2414 1585 2529 1634 360.

624 1688 769 1737 Carta
795 1687 1029 1735 Duncani
1054 1686 1247 1735 comitis
1271 1685 1333 1734 de
1358 1686 1472 1734 Mar
1495 1684 1557 1732 de
1580 1683 1782 1733 ecclesia
1804 1682 1867 1731 de
1893 1682 2120 1748 Loychel
2142 1711 2152 1722 ·
2418 1683 2531 1733 362.

519 1767 523 1769 ”
623 1786 814 1854 Littera
838 1785 993 1849 Regis
1017 1783 1294 1832 Alexandri
1317 1783 1379 1831 de
1402 1783 1549 1831 ecciia
1571 1782 1634 1831 de
1659 1781 1885 1847 Loychel
1903 1809 1914 1822 ·
2416 1783 2528 1832 363.

620 1883 765 1930 Carta
789 1882 952 1931 Colini
977 1881 1187 1930 hostiarii
1212 1881 1274 1929 de
1297 1887 1423 1929 terra
1446 1881 1497 1929 in
1523 1897 1623 1947 qua
1645 1880 1734 1929 fita
1757 1881 1827 1929 est
1849 1882 1961 1929 ecEa
1983 1881 2047 1930 de
2066 1879 2292 1946 Loychel
2313 1908 2326 1920 ·
2400 1907 2404 1911 ·
2462 1881 2528 1930 ib.

620 1981 765 2030 Carta
789 1980 1010 2045 Philippi
1032 1980 1095 2028 de
1121 1986 1292 2029 monte
1314 1979 1506 2029 fichett⁴
1530 1985 1582 2028 et
1604 1980 1761 2029 Anne
1784 1979 1955 2028 uxoris
1977 1979 2064 2030 sue
2097 1979 2161 2029 de
2194 1985 2304 2029 toto
2329 1980 2447 2045 jure
2481 1986 2531 2028 et

619 2078 803 2127 clameo
826 2080 877 2126 in
902 2085 1027 2127 terra
1049 2096 1148 2143 qua
1170 2077 1258 2126 fita
1281 2083 1306 2127 ἓ
1330 2081 1440 2127 ecca
1462 2079 1525 2127 de
1550 2078 1778 2144 Loychel
1801 2107 1813 2119 ·
2417 2079 2528 2128 364.

620 2177 765 2225 Carta
789 2176 983 2225 Thorne
1005 2177 1216 2225 hostiarii
1240 2178 1431 2225 domini
1454 2178 1614 2242 Regis
1637 2177 1700 2226 de
1724 2178 1874 2227 ecciia
1898 2177 1962 2226 de
1984 2177 2146 2227 afford
2166 2205 2178 2218 ·
2415 2179 2524 2228 365.

621 2275 942 2323 Confirmatio
965 2275 1082 2323 Ade
1106 2276 1469 2324 Aberdonenfis
1492 2277 1703 2342 episcopi
1728 2277 1792 2326 de
1814 2277 1965 2326 ecclia
1987 2276 2052 2326 de
2076 2276 2262 2326 Afford
2279 2306 2291 2317 ·
2461 2277 2527 2326 ib.

622 2372 767 2421 Carta
792 2372 1036 2421 willelmi
1062 2374 1226 2422 Sancti
1251 2374 1457 2423 Andree
1480 2375 1692 2440 episcopi
1715 2375 1779 2424 de
1801 2377 1953 2426 eccfia
1975 2376 2039 2424 de
2064 2376 2211 2442 Kege
2228 2404 2238 2415 ·
2414 2377 2525 2426 366.

622 2471 766 2519 Carta
806 2471 1019 2519 Dauidis
1061 2472 1225 2521 Sancti
1267 2473 1472 2522 Andree
1517 2474 1727 2539 episcopi
1779 2475 1843 2523 de
1889 2474 2088 2524 duabus
2129 2475 2252 2525 acris
2293 2481 2424 2524 terre
2465 2476 2528 2524 de

622 2568 762 2634 Kege
779 2596 790 2608 ·
2414 2575 2524 2625 366.

620 2667 939 2716 Confirmatio
963 2668 1173 2747 Gilberti
1198 2670 1561 2720 Aberdonenfis
1584 2672 1798 2738 episcopi
1822 2673 1887 2722 de
1910 2675 2062 2723 eccfia
2083 2673 2147 2722 de
2172 2674 2319 2740 Kege
2339 2703 2349 2714 ·
2410 2674 2525 2727 367.

620 2764 765 2812 Carta
791 2764 1021 2813 Duncani
1046 2766 1254 2815 Comitis
1278 2767 1340 2815 de
1366 2768 1504 2816 Marr
1525 2768 1589 2817 de
1614 2771 1765 2819 ecclia
1787 2770 1851 2819 de
1877 2770 2176 2820 Kindrouch
2198 2800 2210 2812 ·
2457 2771 2523 2820 ib.

622 2861 940 2910 Confirmatio
998 2862 1210 2912 Gilberti
1257 2865 1624 2916 Aberdonenfis
1679 2868 1892 2934 episcopi
1949 2869 2014 2919 de
2066 2870 2216 2920 ecciia
2273 2869 2337 2918 de
2394 2869 2523 2919 Kin-

618 2957 803 3007 drouch
826 2989 835 2998 ·
2411 2969 2522 3019 368.

620 3055 916 3105 Mandatum
941 3058 1188 3108 Willelmi
1215 3058 1380 3109 Sancti
1407 3063 1610 3112 Andree
1644 3065 1858 3131 episcopi
1894 3066 1957 3114 de
1989 3065 2225 3117 fratribus
2258 3066 2322 3116 de
2346 3066 2521 3116 Muni-

618 3168 755 3202 musc
773 3182 785 3194 ·
2454 3165 2521 3215 ib.

618 3249 763 3299 Carta
788 3251 957 3301 Dauid
982 3254 1189 3320 episcopi
1217 3256 1381 3305 Sancti
1410 3258 1611 3307 Andree
1634 3260 1697 3309 de
1721 3260 2011 3311 Dolbethoc
2029 3292 2039 3303 ·
2406 3263 2517 3317 369.
