<?xml version="1.0" encoding="UTF-8"?>
<!DOCTYPE html PUBLIC "-//W3C//DTD XHTML 1.0 Transitional//EN"
    "http://www.w3.org/TR/xhtml1/DTD/xhtml1-transitional.dtd">
<html xmlns="http://www.w3.org/1999/xhtml" xml:lang="en" lang="en">
 <head>
  <title>
</title>
<meta http-equiv="Content-Type" content="text/html;charset=utf-8" />
  <meta name='ocr-system' content='tesseract 3.04.00' />
  <meta name='ocr-capabilities' content='ocr_page ocr_carea ocr_par ocr_line ocrx_word'/>
</head>
<body>
  <div class='ocr_page' id='page_1' title='image "./libercartarump6900edinuoft_0067.png"; bbox 0 0 2938 3932; ppageno 0'>
   <div class='ocr_carea' id='block_1_1' title="bbox 1351 388 1427 436">
    <p class='ocr_par' dir='ltr' id='par_1_1' title="bbox 1351 388 1427 436">
     <span class='ocr_line' id='line_1_1' title="bbox 1351 388 1427 436; baseline 0 0"><span class='ocrx_word' id='word_1_1' title='bbox 1351 388 1427 436; x_wconf 92' lang='lat' dir='ltr'>liii</span> 
     </span>
    </p>
   </div>
   <div class='ocr_carea' id='block_1_2' title="bbox 431 517 2350 587">
    <p class='ocr_par' dir='ltr' id='par_1_2' title="bbox 431 517 2350 587">
     <span class='ocr_line' id='line_1_2' title="bbox 431 517 2350 587; baseline 0.004 -23"><span class='ocrx_word' id='word_1_2' title='bbox 431 517 579 565; x_wconf 85' lang='lat' dir='ltr'>Carta</span> <span class='ocrx_word' id='word_1_3' title='bbox 605 517 780 566; x_wconf 89' lang='lat' dir='ltr'>Dauid</span> <span class='ocrx_word' id='word_1_4' title='bbox 804 517 962 583; x_wconf 88' lang='lat' dir='ltr'>Regis</span> <span class='ocrx_word' id='word_1_5' title='bbox 986 517 1049 567; x_wconf 89' lang='lat' dir='ltr'>de</span> <span class='ocrx_word' id='word_1_6' title='bbox 1073 519 1239 566; x_wconf 85' lang='lat' dir='ltr'>narnis</span> <span class='ocrx_word' id='word_1_7' title='bbox 1255 519 1286 566; x_wconf 80' lang='grc' dir='ltr'>ῒι</span> <span class='ocrx_word' id='word_1_8' title='bbox 1309 519 1566 584; x_wconf 85' lang='lat' dir='ltr'>capiendis</span> <span class='ocrx_word' id='word_1_9' title='bbox 1578 548 1588 559; x_wconf 92' lang='lat'><strong>·</strong></span> <span class='ocrx_word' id='word_1_10' title='bbox 2218 540 2265 587; x_wconf 88' lang='lat' dir='ltr'>p.</span> <span class='ocrx_word' id='word_1_11' title='bbox 2286 524 2350 571; x_wconf 94' lang='lat' dir='ltr'>ib.</span> 
     </span>
    </p>
   </div>
   <div class='ocr_carea' id='block_1_3' title="bbox 403 604 2396 3255">
    <p class='ocr_par' dir='ltr' id='par_1_3' title="bbox 403 604 2396 3255">
     <span class='ocr_line' id='line_1_3' title="bbox 430 604 2347 682; baseline 0.002 -13"><span class='ocrx_word' id='word_1_12' title='bbox 430 620 751 682; x_wconf 53' lang='lat' dir='ltr'>cart-1303&amp;</span> <span class='ocrx_word' id='word_1_13' title='bbox 771 648 782 662; x_wconf 83' lang='grc'><strong>.</strong></span> <span class='ocrx_word' id='word_1_14' title='bbox 800 621 863 670; x_wconf 80' lang='lat' dir='ltr'>de</span> <span class='ocrx_word' id='word_1_15' title='bbox 886 604 1046 670; x_wconf 72' lang='lat' dir='ltr'>ma‘Pia</span> <span class='ocrx_word' id='word_1_16' title='bbox 1069 622 1132 670; x_wconf 78' lang='lat' dir='ltr'>ad</span> <span class='ocrx_word' id='word_1_17' title='bbox 1156 622 1350 671; x_wconf 77' lang='lat' dir='ltr'>edificia</span> <span class='ocrx_word' id='word_1_18' title='bbox 1373 627 1493 671; x_wconf 66' lang='lat' dir='ltr'>nfa.</span> <span class='ocrx_word' id='word_1_19' title='bbox 2284 626 2347 673; x_wconf 84' lang='lat' dir='ltr'>ib.</span> 
     </span>
     <span class='ocr_line' id='line_1_4' title="bbox 427 707 2348 786; baseline 0.002 -18"><span class='ocrx_word' id='word_1_20' title='bbox 427 720 576 768; x_wconf 84' lang='lat' dir='ltr'>Carta</span> <span class='ocrx_word' id='word_1_21' title='bbox 600 720 776 769; x_wconf 89' lang='lat' dir='ltr'>Dauid</span> <span class='ocrx_word' id='word_1_22' title='bbox 800 721 958 786; x_wconf 88' lang='lat' dir='ltr'>Regis</span> <span class='ocrx_word' id='word_1_23' title='bbox 982 720 1045 769; x_wconf 90' lang='lat' dir='ltr'>de</span> <span class='ocrx_word' id='word_1_24' title='bbox 1068 720 1195 769; x_wconf 86' lang='lat' dir='ltr'>tofta</span> <span class='ocrx_word' id='word_1_25' title='bbox 1216 727 1235 768; x_wconf 87' lang='lat' dir='ltr'>i</span> <span class='ocrx_word' id='word_1_26' title='bbox 1256 707 1542 770; x_wconf 86' lang='lat' dir='ltr'>clacmanan</span> <span class='ocrx_word' id='word_1_27' title='bbox 1565 751 1576 761; x_wconf 91' lang='lat'><strong>·</strong></span> <span class='ocrx_word' id='word_1_28' title='bbox 2240 728 2348 771; x_wconf 84' lang='lat'>184.</span> 
     </span>
     <span class='ocr_line' id='line_1_5' title="bbox 424 817 2347 885; baseline 0.002 -20"><span class='ocrx_word' id='word_1_29' title='bbox 424 817 573 866; x_wconf 87' lang='lat' dir='ltr'>Carta</span> <span class='ocrx_word' id='word_1_30' title='bbox 597 819 774 868; x_wconf 86' lang='lat' dir='ltr'>Dauid</span> <span class='ocrx_word' id='word_1_31' title='bbox 797 820 956 885; x_wconf 87' lang='lat' dir='ltr'>Regis</span> <span class='ocrx_word' id='word_1_32' title='bbox 980 819 1044 868; x_wconf 90' lang='lat' dir='ltr'>de</span> <span class='ocrx_word' id='word_1_33' title='bbox 1067 819 1194 868; x_wconf 73' lang='lat' dir='ltr'>tofta</span> <span class='ocrx_word' id='word_1_34' title='bbox 1217 820 1271 867; x_wconf 92' lang='lat' dir='ltr'>in</span> <span class='ocrx_word' id='word_1_35' title='bbox 1294 820 1479 869; x_wconf 81' lang='lat' dir='ltr'>berwic</span> <span class='ocrx_word' id='word_1_36' title='bbox 1502 850 1512 861; x_wconf 87' lang='lat'><strong>·</strong></span> <span class='ocrx_word' id='word_1_37' title='bbox 2282 823 2347 870; x_wconf 93' lang='lat' dir='ltr'>ib.</span> 
     </span>
     <span class='ocr_line' id='line_1_6' title="bbox 423 917 2347 978; baseline 0.002 -13"><span class='ocrx_word' id='word_1_38' title='bbox 423 917 540 966; x_wconf 61' lang='lat' dir='ltr'>Car?</span> <span class='ocrx_word' id='word_1_39' title='bbox 559 946 570 956; x_wconf 91' lang='lat'><strong>·</strong></span> <span class='ocrx_word' id='word_1_40' title='bbox 590 917 636 978; x_wconf 99' lang='lat' dir='ltr'>R</span> <span class='ocrx_word' id='word_1_41' title='bbox 652 946 662 957; x_wconf 90' lang='lat'>-</span> <span class='ocrx_word' id='word_1_42' title='bbox 680 917 751 966; x_wconf 80' lang='lat' dir='ltr'>dd</span> <span class='ocrx_word' id='word_1_43' title='bbox 771 946 782 958; x_wconf 93' lang='lat'><strong>·</strong></span> <span class='ocrx_word' id='word_1_44' title='bbox 801 918 864 966; x_wconf 89' lang='lat' dir='ltr'>de</span> <span class='ocrx_word' id='word_1_45' title='bbox 887 917 1014 967; x_wconf 88' lang='lat' dir='ltr'>tofta</span> <span class='ocrx_word' id='word_1_46' title='bbox 1035 919 1089 967; x_wconf 93' lang='lat' dir='ltr'>in</span> <span class='ocrx_word' id='word_1_47' title='bbox 1112 918 1385 967; x_wconf 89' lang='lat' dir='ltr'>hadintona</span> <span class='ocrx_word' id='word_1_48' title='bbox 1404 949 1415 958; x_wconf 91' lang='lat'><strong>·</strong></span> <span class='ocrx_word' id='word_1_49' title='bbox 2236 925 2347 969; x_wconf 89' lang='lat'>185.</span> 
     </span>
     <span class='ocr_line' id='line_1_7' title="bbox 420 1017 2344 1083; baseline 0.002 -19"><span class='ocrx_word' id='word_1_50' title='bbox 420 1017 570 1065; x_wconf 90' lang='lat' dir='ltr'>Carta</span> <span class='ocrx_word' id='word_1_51' title='bbox 593 1017 752 1083; x_wconf 89' lang='lat' dir='ltr'>Regis</span> <span class='ocrx_word' id='word_1_52' title='bbox 778 1018 956 1066; x_wconf 91' lang='lat' dir='ltr'>Dauid</span> <span class='ocrx_word' id='word_1_53' title='bbox 979 1017 1043 1067; x_wconf 91' lang='lat' dir='ltr'>de</span> <span class='ocrx_word' id='word_1_54' title='bbox 1063 1046 1073 1057; x_wconf 92' lang='lat'><strong>·</strong></span> <span class='ocrx_word' id='word_1_55' title='bbox 1096 1020 1151 1066; x_wconf 77' lang='lat' dir='ltr'>xi</span> <span class='ocrx_word' id='word_1_56' title='bbox 1167 1048 1180 1060; x_wconf 85' lang='lat'><strong>·</strong></span> <span class='ocrx_word' id='word_1_57' title='bbox 1199 1018 1269 1066; x_wconf 74' lang='lat' dir='ltr'>soi</span> <span class='ocrx_word' id='word_1_58' title='bbox 1288 1046 1299 1058; x_wconf 90' lang='lat'><strong>·</strong></span> <span class='ocrx_word' id='word_1_59' title='bbox 1321 1019 1384 1067; x_wconf 87' lang='lat' dir='ltr'>de</span> <span class='ocrx_word' id='word_1_60' title='bbox 1407 1034 1531 1067; x_wconf 90' lang='lat' dir='ltr'>cano</span> <span class='ocrx_word' id='word_1_61' title='bbox 1554 1020 1764 1067; x_wconf 90' lang='lat' dir='ltr'>nauium</span> <span class='ocrx_word' id='word_1_62' title='bbox 1791 1019 1855 1068; x_wconf 86' lang='lat' dir='ltr'>de</span> <span class='ocrx_word' id='word_1_63' title='bbox 1877 1026 1933 1082; x_wconf 81' lang='lat' dir='ltr'>pt</span> <span class='ocrx_word' id='word_1_64' title='bbox 1954 1047 1964 1058; x_wconf 92' lang='lat'><strong>·</strong></span> <span class='ocrx_word' id='word_1_65' title='bbox 2279 1020 2344 1068; x_wconf 93' lang='lat' dir='ltr'>ib.</span> 
     </span>
     <span class='ocr_line' id='line_1_8' title="bbox 418 1115 2342 1184; baseline 0.003 -22"><span class='ocrx_word' id='word_1_66' title='bbox 418 1115 568 1163; x_wconf 87' lang='lat' dir='ltr'>Carta</span> <span class='ocrx_word' id='word_1_67' title='bbox 590 1116 749 1182; x_wconf 88' lang='lat' dir='ltr'>Regis</span> <span class='ocrx_word' id='word_1_68' title='bbox 775 1117 951 1166; x_wconf 89' lang='lat' dir='ltr'>Dauid</span> <span class='ocrx_word' id='word_1_69' title='bbox 975 1123 1034 1166; x_wconf 89' lang='lat' dir='ltr'>ut</span> <span class='ocrx_word' id='word_1_70' title='bbox 1057 1116 1255 1166; x_wconf 89' lang='lat' dir='ltr'>keledei</span> <span class='ocrx_word' id='word_1_71' title='bbox 1277 1117 1341 1166; x_wconf 92' lang='lat' dir='ltr'>de</span> <span class='ocrx_word' id='word_1_72' title='bbox 1365 1117 1643 1184; x_wconf 84' lang='lat' dir='ltr'>Kilrirnont</span> <span class='ocrx_word' id='word_1_73' title='bbox 1666 1119 1970 1183; x_wconf 84' lang='lat' dir='ltr'>recipiantur</span> <span class='ocrx_word' id='word_1_74' title='bbox 1995 1130 2028 1168; x_wconf 63' lang='lat' dir='ltr'>”c</span> <span class='ocrx_word' id='word_1_75' title='bbox 2044 1130 2089 1167; x_wconf 57' lang='lat' dir='ltr'>c*</span> <span class='ocrx_word' id='word_1_76' title='bbox 2107 1146 2118 1158; x_wconf 90' lang='lat'><strong>·</strong></span> <span class='ocrx_word' id='word_1_77' title='bbox 2232 1120 2342 1168; x_wconf 90' lang='lat'>186.</span> 
     </span>
     <span class='ocr_line' id='line_1_9' title="bbox 416 1214 2343 1275; baseline 0.002 -13"><span class='ocrx_word' id='word_1_78' title='bbox 416 1214 532 1263; x_wconf 62' lang='lat' dir='ltr'>Cari</span> <span class='ocrx_word' id='word_1_79' title='bbox 552 1243 563 1254; x_wconf 91' lang='lat'><strong>·</strong></span> <span class='ocrx_word' id='word_1_80' title='bbox 581 1215 626 1275; x_wconf 91' lang='lat' dir='ltr'>R</span> <span class='ocrx_word' id='word_1_81' title='bbox 647 1245 656 1256; x_wconf 91' lang='lat'><em>-</em></span> <span class='ocrx_word' id='word_1_82' title='bbox 678 1215 746 1264; x_wconf 81' lang='lat' dir='ltr'>dd</span> <span class='ocrx_word' id='word_1_83' title='bbox 767 1244 779 1256; x_wconf 91' lang='lat'><strong>·</strong></span> <span class='ocrx_word' id='word_1_84' title='bbox 800 1216 863 1264; x_wconf 90' lang='lat' dir='ltr'>de</span> <span class='ocrx_word' id='word_1_85' title='bbox 887 1217 1037 1266; x_wconf 67' lang='lat' dir='ltr'>ecclia</span> <span class='ocrx_word' id='word_1_86' title='bbox 1060 1216 1124 1265; x_wconf 89' lang='lat' dir='ltr'>de</span> <span class='ocrx_word' id='word_1_87' title='bbox 1148 1216 1390 1266; x_wconf 91' lang='lat' dir='ltr'>Linlidcu</span> <span class='ocrx_word' id='word_1_88' title='bbox 1411 1245 1423 1256; x_wconf 88' lang='lat'><strong>·</strong></span> <span class='ocrx_word' id='word_1_89' title='bbox 2278 1218 2343 1266; x_wconf 92' lang='lat' dir='ltr'>ib.</span> 
     </span>
     <span class='ocr_line' id='line_1_10' title="bbox 415 1313 2344 1381; baseline 0.001 -19"><span class='ocrx_word' id='word_1_90' title='bbox 415 1313 532 1362; x_wconf 60' lang='lat' dir='ltr'>Car?</span> <span class='ocrx_word' id='word_1_91' title='bbox 555 1343 565 1353; x_wconf 91' lang='lat'><strong>·</strong></span> <span class='ocrx_word' id='word_1_92' title='bbox 582 1313 628 1374; x_wconf 90' lang='lat' dir='ltr'>R</span> <span class='ocrx_word' id='word_1_93' title='bbox 648 1343 658 1354; x_wconf 86' lang='lat'><strong>·</strong></span> <span class='ocrx_word' id='word_1_94' title='bbox 680 1314 748 1363; x_wconf 80' lang='lat' dir='ltr'>dd</span> <span class='ocrx_word' id='word_1_95' title='bbox 771 1315 834 1364; x_wconf 90' lang='lat' dir='ltr'>de</span> <span class='ocrx_word' id='word_1_96' title='bbox 857 1315 1007 1364; x_wconf 70' lang='lat' dir='ltr'>ecclia</span> <span class='ocrx_word' id='word_1_97' title='bbox 1029 1315 1092 1364; x_wconf 89' lang='lat' dir='ltr'>de</span> <span class='ocrx_word' id='word_1_98' title='bbox 1115 1315 1387 1381; x_wconf 86' lang='lat' dir='ltr'>foregrund</span> <span class='ocrx_word' id='word_1_99' title='bbox 1410 1346 1420 1355; x_wconf 91' lang='lat'><strong>·</strong></span> <span class='ocrx_word' id='word_1_100' title='bbox 2233 1322 2330 1368; x_wconf 84' lang='lat'>187</span> <span class='ocrx_word' id='word_1_101' title='bbox 2333 1353 2344 1364; x_wconf 95' lang='lat'>.</span> 
     </span>
     <span class='ocr_line' id='line_1_11' title="bbox 414 1412 2343 1480; baseline 0.002 -20"><span class='ocrx_word' id='word_1_102' title='bbox 414 1412 530 1461; x_wconf 61' lang='lat' dir='ltr'>Cari</span> <span class='ocrx_word' id='word_1_103' title='bbox 551 1441 561 1453; x_wconf 63' lang='grc' dir='ltr'><strong><em>ι</em></strong></span> <span class='ocrx_word' id='word_1_104' title='bbox 578 1413 623 1473; x_wconf 92' lang='lat' dir='ltr'>R</span> <span class='ocrx_word' id='word_1_105' title='bbox 642 1441 653 1452; x_wconf 90' lang='lat'><strong>·</strong></span> <span class='ocrx_word' id='word_1_106' title='bbox 673 1413 742 1462; x_wconf 82' lang='lat' dir='ltr'>dd</span> <span class='ocrx_word' id='word_1_107' title='bbox 763 1441 773 1453; x_wconf 89' lang='lat'><strong>·</strong></span> <span class='ocrx_word' id='word_1_108' title='bbox 792 1414 855 1462; x_wconf 90' lang='lat' dir='ltr'>de</span> <span class='ocrx_word' id='word_1_109' title='bbox 878 1414 1007 1463; x_wconf 86' lang='lat' dir='ltr'>tofto</span> <span class='ocrx_word' id='word_1_110' title='bbox 1031 1414 1247 1464; x_wconf 88' lang='lat' dir='ltr'>Balwini</span> <span class='ocrx_word' id='word_1_111' title='bbox 1270 1423 1289 1462; x_wconf 86' lang='grc' dir='ltr'>ῑ</span> <span class='ocrx_word' id='word_1_112' title='bbox 1312 1420 1423 1480; x_wconf 89' lang='lat' dir='ltr'>pert</span> <span class='ocrx_word' id='word_1_113' title='bbox 1443 1441 1454 1453; x_wconf 85' lang='lat'><strong>·</strong></span> <span class='ocrx_word' id='word_1_114' title='bbox 2278 1415 2343 1463; x_wconf 92' lang='lat' dir='ltr'>ib.</span> 
     </span>
     <span class='ocr_line' id='line_1_12' title="bbox 411 1511 2342 1572; baseline 0.002 -14"><span class='ocrx_word' id='word_1_115' title='bbox 411 1511 528 1559; x_wconf 63' lang='lat' dir='ltr'>Cari</span> <span class='ocrx_word' id='word_1_116' title='bbox 549 1512 595 1572; x_wconf 89' lang='lat' dir='ltr'>R</span> <span class='ocrx_word' id='word_1_117' title='bbox 617 1511 686 1560; x_wconf 96' lang='grc' dir='ltr'>ἃᾶ</span> <span class='ocrx_word' id='word_1_118' title='bbox 710 1513 773 1562; x_wconf 88' lang='lat' dir='ltr'>de</span> <span class='ocrx_word' id='word_1_119' title='bbox 796 1513 968 1562; x_wconf 74' lang='lat' dir='ltr'>Ecciia</span> <span class='ocrx_word' id='word_1_120' title='bbox 991 1514 1054 1562; x_wconf 90' lang='lat' dir='ltr'>de</span> <span class='ocrx_word' id='word_1_121' title='bbox 1079 1513 1320 1563; x_wconf 90' lang='lat' dir='ltr'>Linlidcu</span> <span class='ocrx_word' id='word_1_122' title='bbox 1343 1541 1353 1553; x_wconf 90' lang='lat'><strong>·</strong></span> <span class='ocrx_word' id='word_1_123' title='bbox 2234 1520 2342 1563; x_wconf 89' lang='lat'>188.</span> 
     </span>
     <span class='ocr_line' id='line_1_13' title="bbox 410 1610 2343 1672; baseline 0.001 -13"><span class='ocrx_word' id='word_1_124' title='bbox 410 1610 526 1660; x_wconf 62' lang='lat' dir='ltr'>Cari</span> <span class='ocrx_word' id='word_1_125' title='bbox 542 1640 551 1651; x_wconf 91' lang='lat'>·</span> <span class='ocrx_word' id='word_1_126' title='bbox 570 1612 616 1672; x_wconf 90' lang='lat' dir='ltr'>R</span> <span class='ocrx_word' id='word_1_127' title='bbox 638 1611 705 1662; x_wconf 78' lang='lat' dir='ltr'>dd</span> <span class='ocrx_word' id='word_1_128' title='bbox 728 1613 791 1661; x_wconf 89' lang='lat' dir='ltr'>de</span> <span class='ocrx_word' id='word_1_129' title='bbox 813 1613 973 1661; x_wconf 87' lang='lat' dir='ltr'>insula</span> <span class='ocrx_word' id='word_1_130' title='bbox 997 1613 1060 1662; x_wconf 90' lang='lat' dir='ltr'>de</span> <span class='ocrx_word' id='word_1_131' title='bbox 1085 1613 1378 1662; x_wconf 90' lang='lat' dir='ltr'>Lochleuen</span> <span class='ocrx_word' id='word_1_132' title='bbox 1399 1642 1410 1653; x_wconf 87' lang='lat'><strong>·</strong></span> <span class='ocrx_word' id='word_1_133' title='bbox 2277 1615 2343 1662; x_wconf 91' lang='lat' dir='ltr'>ib.</span> 
     </span>
     <span class='ocr_line' id='line_1_14' title="bbox 411 1709 2396 1772; baseline 0.001 -15"><span class='ocrx_word' id='word_1_134' title='bbox 411 1709 636 1758; x_wconf 75' lang='lat' dir='ltr'>Confirffi</span> <span class='ocrx_word' id='word_1_135' title='bbox 658 1739 668 1749; x_wconf 90' lang='lat'><strong>·</strong></span> <span class='ocrx_word' id='word_1_136' title='bbox 687 1711 733 1772; x_wconf 90' lang='lat' dir='ltr'>R</span> <span class='ocrx_word' id='word_1_137' title='bbox 749 1739 759 1750; x_wconf 90' lang='lat'><strong>·</strong></span> <span class='ocrx_word' id='word_1_138' title='bbox 780 1711 847 1760; x_wconf 76' lang='lat' dir='ltr'>dd</span> <span class='ocrx_word' id='word_1_139' title='bbox 872 1739 883 1751; x_wconf 93' lang='lat'><strong>·</strong></span> <span class='ocrx_word' id='word_1_140' title='bbox 905 1712 968 1760; x_wconf 88' lang='lat' dir='ltr'>de</span> <span class='ocrx_word' id='word_1_141' title='bbox 993 1711 1370 1761; x_wconf 77' lang='lat' dir='ltr'>Kininmuneht</span> <span class='ocrx_word' id='word_1_142' title='bbox 1392 1741 1402 1751; x_wconf 90' lang='lat'><strong>·</strong></span> <span class='ocrx_word' id='word_1_143' title='bbox 2232 1719 2341 1768; x_wconf 88' lang='lat'>189.</span> <span class='ocrx_word' id='word_1_144' title='bbox 2394 1756 2396 1759; x_wconf 88' lang='lat'>.</span> 
     </span>
     <span class='ocr_line' id='line_1_15' title="bbox 409 1808 2340 1876; baseline 0.003 -21"><span class='ocrx_word' id='word_1_145' title='bbox 409 1808 928 1876; x_wconf 69' lang='lat' dir='ltr'>Comunispfirmacio</span> <span class='ocrx_word' id='word_1_146' title='bbox 949 1838 960 1849; x_wconf 94' lang='lat'><strong>·</strong></span> <span class='ocrx_word' id='word_1_147' title='bbox 980 1811 1026 1871; x_wconf 89' lang='lat' dir='ltr'>R</span> <span class='ocrx_word' id='word_1_148' title='bbox 1045 1838 1056 1850; x_wconf 90' lang='lat'><strong>·</strong></span> <span class='ocrx_word' id='word_1_149' title='bbox 1079 1810 1256 1859; x_wconf 89' lang='lat' dir='ltr'>Dauid</span> <span class='ocrx_word' id='word_1_150' title='bbox 1277 1838 1288 1850; x_wconf 93' lang='lat'><strong>·</strong></span> <span class='ocrx_word' id='word_1_151' title='bbox 1940 1848 1944 1851; x_wconf 57' lang='grc'><strong>»</strong></span> <span class='ocrx_word' id='word_1_152' title='bbox 2272 1812 2340 1861; x_wconf 89' lang='lat' dir='ltr'>ib.</span> 
     </span>
     <span class='ocr_line' id='line_1_16' title="bbox 409 1907 2334 1965; baseline 0.002 -10"><span class='ocrx_word' id='word_1_153' title='bbox 409 1907 742 1956; x_wconf 89' lang='lat' dir='ltr'>Confirmacio</span> <span class='ocrx_word' id='word_1_154' title='bbox 757 1909 823 1960; x_wconf 64' lang='lat'>1513&lt;</span> <span class='ocrx_word' id='word_1_155' title='bbox 840 1909 1059 1958; x_wconf 89' lang='lat' dir='ltr'>Comitis</span> <span class='ocrx_word' id='word_1_156' title='bbox 1064 1909 1127 1958; x_wconf 87' lang='lat' dir='ltr'>de</span> <span class='ocrx_word' id='word_1_157' title='bbox 1142 1910 1293 1958; x_wconf 79' lang='lat' dir='ltr'>ecclia</span> <span class='ocrx_word' id='word_1_158' title='bbox 1307 1909 1370 1958; x_wconf 91' lang='lat' dir='ltr'>de</span> <span class='ocrx_word' id='word_1_159' title='bbox 1384 1909 1693 1958; x_wconf 88' lang='lat' dir='ltr'>hadinthone</span> <span class='ocrx_word' id='word_1_160' title='bbox 1709 1938 1720 1950; x_wconf 87' lang='lat'><strong>·</strong></span> <span class='ocrx_word' id='word_1_161' title='bbox 1743 1920 1777 1957; x_wconf 54' lang='lat' dir='ltr'>*t</span> <span class='ocrx_word' id='word_1_162' title='bbox 1795 1910 1859 1958; x_wconf 89' lang='lat' dir='ltr'>de</span> <span class='ocrx_word' id='word_1_163' title='bbox 1872 1910 2202 1959; x_wconf 87' lang='lat' dir='ltr'>clerchetune·</span> <span class='ocrx_word' id='word_1_164' title='bbox 2224 1915 2334 1965; x_wconf 88' lang='lat'>191.</span> 
     </span>
     <span class='ocr_line' id='line_1_17' title="bbox 409 2006 2335 2073; baseline 0.002 -19"><span class='ocrx_word' id='word_1_165' title='bbox 409 2006 743 2056; x_wconf 89' lang='lat' dir='ltr'>Confirmacio</span> <span class='ocrx_word' id='word_1_166' title='bbox 767 2007 982 2056; x_wconf 88' lang='lat' dir='ltr'>Henrici</span> <span class='ocrx_word' id='word_1_167' title='bbox 1007 2008 1222 2057; x_wconf 88' lang='lat' dir='ltr'>Comitis</span> <span class='ocrx_word' id='word_1_168' title='bbox 1246 2007 1338 2055; x_wconf 90' lang='lat' dir='ltr'>filii</span> <span class='ocrx_word' id='word_1_169' title='bbox 1363 2007 1539 2056; x_wconf 89' lang='lat' dir='ltr'>Dauid</span> <span class='ocrx_word' id='word_1_170' title='bbox 1563 2009 1692 2073; x_wconf 87' lang='lat' dir='ltr'>regis</span> <span class='ocrx_word' id='word_1_171' title='bbox 1713 2036 1723 2047; x_wconf 91' lang='lat'><strong>·</strong></span> <span class='ocrx_word' id='word_1_172' title='bbox 2227 2014 2335 2061; x_wconf 76' lang='lat'>192.</span> 
     </span>
     <span class='ocr_line' id='line_1_18' title="bbox 409 2105 2336 2172; baseline 0.002 -19"><span class='ocrx_word' id='word_1_173' title='bbox 409 2105 525 2154; x_wconf 60' lang='lat' dir='ltr'>Cari</span> <span class='ocrx_word' id='word_1_174' title='bbox 543 2134 553 2145; x_wconf 92' lang='lat'><strong>·</strong></span> <span class='ocrx_word' id='word_1_175' title='bbox 573 2105 619 2166; x_wconf 89' lang='lat' dir='ltr'>R</span> <span class='ocrx_word' id='word_1_176' title='bbox 640 2134 650 2144; x_wconf 92' lang='lat'><strong>·</strong></span> <span class='ocrx_word' id='word_1_177' title='bbox 672 2105 739 2154; x_wconf 81' lang='lat' dir='ltr'>dd</span> <span class='ocrx_word' id='word_1_178' title='bbox 757 2134 767 2145; x_wconf 91' lang='lat'>-</span> <span class='ocrx_word' id='word_1_179' title='bbox 789 2106 852 2155; x_wconf 90' lang='lat' dir='ltr'>de</span> <span class='ocrx_word' id='word_1_180' title='bbox 875 2106 1106 2172; x_wconf 88' lang='lat' dir='ltr'>hospitali</span> <span class='ocrx_word' id='word_1_181' title='bbox 1127 2136 1137 2146; x_wconf 90' lang='lat'><strong>·</strong></span> <span class='ocrx_word' id='word_1_182' title='bbox 2227 2114 2336 2162; x_wconf 79' lang='lat'>193.</span> 
     </span>
     <span class='ocr_line' id='line_1_19' title="bbox 407 2203 2338 2272; baseline 0.001 -19"><span class='ocrx_word' id='word_1_183' title='bbox 407 2203 632 2253; x_wconf 78' lang='lat' dir='ltr'>Confirffi</span> <span class='ocrx_word' id='word_1_184' title='bbox 651 2233 661 2243; x_wconf 85' lang='lat'><strong>·</strong></span> <span class='ocrx_word' id='word_1_185' title='bbox 687 2204 945 2261; x_wconf 69' lang='lat' dir='ltr'>malcolmi</span> <span class='ocrx_word' id='word_1_186' title='bbox 968 2205 1032 2254; x_wconf 90' lang='lat' dir='ltr'>de</span> <span class='ocrx_word' id='word_1_187' title='bbox 1049 2205 1373 2272; x_wconf 62' lang='lat' dir='ltr'>yfirmacione</span> <span class='ocrx_word' id='word_1_188' title='bbox 1396 2206 1544 2255; x_wconf 73' lang='lat' dir='ltr'>ecclic</span> <span class='ocrx_word' id='word_1_189' title='bbox 1567 2207 1648 2254; x_wconf 63' lang='lat' dir='ltr'>sce</span> <span class='ocrx_word' id='word_1_190' title='bbox 1671 2206 1882 2255; x_wconf 65' lang='lat' dir='ltr'>t&#39;nitatis</span> <span class='ocrx_word' id='word_1_191' title='bbox 1905 2206 2019 2254; x_wconf 86' lang='lat' dir='ltr'>date</span> <span class='ocrx_word' id='word_1_192' title='bbox 2043 2207 2295 2255; x_wconf 90' lang='lat' dir='ltr'>canonicis</span> <span class='ocrx_word' id='word_1_193' title='bbox 2310 2225 2338 2254; x_wconf 90' lang='lat' dir='ltr'>a</span> 
     </span>
     <span class='ocr_line' id='line_1_20' title="bbox 405 2303 2330 2354; baseline 0.002 -4"><span class='ocrx_word' id='word_1_194' title='bbox 405 2303 506 2351; x_wconf 72' lang='lat' dir='ltr'>dfio</span> <span class='ocrx_word' id='word_1_195' title='bbox 529 2303 631 2353; x_wconf 66' lang='lat' dir='ltr'>Rie</span> <span class='ocrx_word' id='word_1_196' title='bbox 653 2304 896 2353; x_wconf 86' lang='lat' dir='ltr'>existente</span> <span class='ocrx_word' id='word_1_197' title='bbox 918 2303 1084 2353; x_wconf 90' lang='lat' dir='ltr'>adhuc</span> <span class='ocrx_word' id='word_1_198' title='bbox 1108 2303 1266 2353; x_wconf 89' lang='lat' dir='ltr'>electo</span> <span class='ocrx_word' id='word_1_199' title='bbox 1287 2334 1297 2344; x_wconf 93' lang='lat'>-</span> <span class='ocrx_word' id='word_1_200' title='bbox 2266 2306 2330 2354; x_wconf 90' lang='lat' dir='ltr'>ib.</span> 
     </span>
     <span class='ocr_line' id='line_1_21' title="bbox 406 2402 2334 2469; baseline 0.001 -19"><span class='ocrx_word' id='word_1_201' title='bbox 406 2402 555 2451; x_wconf 84' lang='lat' dir='ltr'>Carta</span> <span class='ocrx_word' id='word_1_202' title='bbox 576 2402 622 2463; x_wconf 93' lang='lat' dir='ltr'>R</span> <span class='ocrx_word' id='word_1_203' title='bbox 647 2402 906 2459; x_wconf 69' lang='lat' dir='ltr'>malcolmi</span> <span class='ocrx_word' id='word_1_204' title='bbox 930 2403 994 2452; x_wconf 88' lang='lat' dir='ltr'>de</span> <span class='ocrx_word' id='word_1_205' title='bbox 1016 2403 1247 2469; x_wconf 89' lang='lat' dir='ltr'>hospitali</span> <span class='ocrx_word' id='word_1_206' title='bbox 1272 2433 1282 2443; x_wconf 90' lang='lat'><strong>·</strong></span> <span class='ocrx_word' id='word_1_207' title='bbox 2226 2410 2334 2458; x_wconf 81' lang='lat'>194.</span> 
     </span>
     <span class='ocr_line' id='line_1_22' title="bbox 406 2500 2335 2567; baseline 0.001 -17"><span class='ocrx_word' id='word_1_208' title='bbox 406 2500 555 2550; x_wconf 87' lang='lat' dir='ltr'>Carta</span> <span class='ocrx_word' id='word_1_209' title='bbox 577 2501 624 2562; x_wconf 87' lang='lat' dir='ltr'>R</span> <span class='ocrx_word' id='word_1_210' title='bbox 643 2529 654 2541; x_wconf 85' lang='lat'><strong>·</strong></span> <span class='ocrx_word' id='word_1_211' title='bbox 677 2501 935 2559; x_wconf 69' lang='lat' dir='ltr'>malcolmi</span> <span class='ocrx_word' id='word_1_212' title='bbox 955 2529 966 2541; x_wconf 90' lang='lat'><strong>·</strong></span> <span class='ocrx_word' id='word_1_213' title='bbox 985 2501 1048 2550; x_wconf 90' lang='lat' dir='ltr'>de</span> <span class='ocrx_word' id='word_1_214' title='bbox 1071 2501 1301 2567; x_wconf 86' lang='lat' dir='ltr'>hospitali</span> <span class='ocrx_word' id='word_1_215' title='bbox 1320 2530 1332 2542; x_wconf 90' lang='lat'><strong>·</strong></span> <span class='ocrx_word' id='word_1_216' title='bbox 1719 2543 1725 2546; x_wconf 86' lang='lat'>.</span> <span class='ocrx_word' id='word_1_217' title='bbox 2224 2510 2335 2558; x_wconf 93' lang='lat'>195.</span> 
     </span>
     <span class='ocr_line' id='line_1_23' title="bbox 405 2600 2334 2667; baseline 0.001 -18"><span class='ocrx_word' id='word_1_218' title='bbox 405 2600 556 2649; x_wconf 88' lang='lat' dir='ltr'>Carta</span> <span class='ocrx_word' id='word_1_219' title='bbox 576 2601 623 2662; x_wconf 91' lang='lat' dir='ltr'>R</span> <span class='ocrx_word' id='word_1_220' title='bbox 647 2601 905 2659; x_wconf 69' lang='lat' dir='ltr'>malcolmi</span> <span class='ocrx_word' id='word_1_221' title='bbox 929 2602 992 2649; x_wconf 90' lang='lat' dir='ltr'>de</span> <span class='ocrx_word' id='word_1_222' title='bbox 1015 2601 1274 2667; x_wconf 86' lang='lat' dir='ltr'>hospitali·</span> <span class='ocrx_word' id='word_1_223' title='bbox 2269 2604 2334 2652; x_wconf 93' lang='lat' dir='ltr'>ib.</span> 
     </span>
     <span class='ocr_line' id='line_1_24' title="bbox 405 2699 2335 2765; baseline 0.002 -17"><span class='ocrx_word' id='word_1_224' title='bbox 405 2699 555 2748; x_wconf 86' lang='lat' dir='ltr'>Carta</span> <span class='ocrx_word' id='word_1_225' title='bbox 576 2700 623 2760; x_wconf 92' lang='lat' dir='ltr'>R</span> <span class='ocrx_word' id='word_1_226' title='bbox 646 2699 904 2757; x_wconf 73' lang='lat' dir='ltr'>malcolmi</span> <span class='ocrx_word' id='word_1_227' title='bbox 927 2700 991 2748; x_wconf 88' lang='lat' dir='ltr'>de</span> <span class='ocrx_word' id='word_1_228' title='bbox 1013 2700 1242 2765; x_wconf 86' lang='lat' dir='ltr'>hospitali</span> <span class='ocrx_word' id='word_1_229' title='bbox 1262 2728 1273 2739; x_wconf 89' lang='lat'><strong>·</strong></span> <span class='ocrx_word' id='word_1_230' title='bbox 2226 2704 2335 2757; x_wconf 90' lang='lat'>196.</span> 
     </span>
     <span class='ocr_line' id='line_1_25' title="bbox 406 2780 2331 2861; baseline 0.001 -15"><span class='ocrx_word' id='word_1_231' title='bbox 406 2785 557 2847; x_wconf 62' lang='lat' dir='ltr'>Carta</span> <span class='ocrx_word' id='word_1_232' title='bbox 577 2798 624 2861; x_wconf 92' lang='lat' dir='ltr'>R</span> <span class='ocrx_word' id='word_1_233' title='bbox 642 2826 654 2839; x_wconf 90' lang='lat'><strong>·</strong></span> <span class='ocrx_word' id='word_1_234' title='bbox 678 2802 736 2857; x_wconf 75' lang='grc'>00</span> <span class='ocrx_word' id='word_1_235' title='bbox 754 2827 765 2838; x_wconf 84' lang='grc'>-</span> <span class='ocrx_word' id='word_1_236' title='bbox 786 2799 850 2848; x_wconf 89' lang='lat' dir='ltr'>de</span> <span class='ocrx_word' id='word_1_237' title='bbox 873 2805 1099 2849; x_wconf 84' lang='lat' dir='ltr'>carucata</span> <span class='ocrx_word' id='word_1_238' title='bbox 1120 2780 1203 2848; x_wconf 63' lang='lat' dir='ltr'>5Pte</span> <span class='ocrx_word' id='word_1_239' title='bbox 1225 2803 1244 2847; x_wconf 83' lang='lat' dir='ltr'>i</span> <span class='ocrx_word' id='word_1_240' title='bbox 1267 2799 1599 2848; x_wconf 85' lang='lat' dir='ltr'>malchrethre</span> <span class='ocrx_word' id='word_1_241' title='bbox 1621 2828 1631 2839; x_wconf 91' lang='lat'><em>·</em></span> <span class='ocrx_word' id='word_1_242' title='bbox 2266 2802 2331 2849; x_wconf 92' lang='lat' dir='ltr'>ib.</span> 
     </span>
     <span class='ocr_line' id='line_1_26' title="bbox 407 2897 2332 2964; baseline 0.002 -19"><span class='ocrx_word' id='word_1_243' title='bbox 407 2897 556 2946; x_wconf 86' lang='lat' dir='ltr'>Carta</span> <span class='ocrx_word' id='word_1_244' title='bbox 577 2898 624 2958; x_wconf 90' lang='lat' dir='ltr'>R</span> <span class='ocrx_word' id='word_1_245' title='bbox 638 2925 649 2937; x_wconf 93' lang='lat'><strong>·</strong></span> <span class='ocrx_word' id='word_1_246' title='bbox 671 2902 729 2955; x_wconf 71' lang='grc' dir='ltr'>α)</span> <span class='ocrx_word' id='word_1_247' title='bbox 748 2926 759 2936; x_wconf 84' lang='grc'><strong>-</strong></span> <span class='ocrx_word' id='word_1_248' title='bbox 778 2898 841 2946; x_wconf 92' lang='lat' dir='ltr'>de</span> <span class='ocrx_word' id='word_1_249' title='bbox 864 2898 997 2947; x_wconf 53' lang='lat' dir='ltr'>taectu</span> <span class='ocrx_word' id='word_1_250' title='bbox 1021 2899 1138 2947; x_wconf 83' lang='lat' dir='ltr'>uni9</span> <span class='ocrx_word' id='word_1_251' title='bbox 1162 2898 1287 2948; x_wconf 88' lang='lat' dir='ltr'>retis</span> <span class='ocrx_word' id='word_1_252' title='bbox 1298 2900 1352 2947; x_wconf 94' lang='lat' dir='ltr'>in</span> <span class='ocrx_word' id='word_1_253' title='bbox 1374 2915 1506 2964; x_wconf 91' lang='lat' dir='ltr'>aqua</span> <span class='ocrx_word' id='word_1_254' title='bbox 1529 2899 1592 2947; x_wconf 89' lang='lat' dir='ltr'>de</span> <span class='ocrx_word' id='word_1_255' title='bbox 1614 2906 1670 2963; x_wconf 83' lang='lat' dir='ltr'>pt</span> <span class='ocrx_word' id='word_1_256' title='bbox 1689 2929 1699 2939; x_wconf 89' lang='lat'><strong>·</strong></span> <span class='ocrx_word' id='word_1_257' title='bbox 2222 2907 2332 2954; x_wconf 88' lang='lat'>197.</span> 
     </span>
     <span class='ocr_line' id='line_1_27' title="bbox 407 2995 2331 3063; baseline 0.002 -20"><span class='ocrx_word' id='word_1_258' title='bbox 407 2995 631 3044; x_wconf 78' lang='lat' dir='ltr'>Confirffi</span> <span class='ocrx_word' id='word_1_259' title='bbox 653 3024 663 3034; x_wconf 93' lang='lat'><strong>·</strong></span> <span class='ocrx_word' id='word_1_260' title='bbox 682 2996 729 3056; x_wconf 93' lang='lat' dir='ltr'>R</span> <span class='ocrx_word' id='word_1_261' title='bbox 750 3025 761 3036; x_wconf 89' lang='lat'><strong>·</strong></span> <span class='ocrx_word' id='word_1_262' title='bbox 785 3001 843 3053; x_wconf 73' lang='lat' dir='ltr'>cc)</span> <span class='ocrx_word' id='word_1_263' title='bbox 863 3025 874 3036; x_wconf 89' lang='lat'><strong>·</strong></span> <span class='ocrx_word' id='word_1_264' title='bbox 893 2997 956 3045; x_wconf 90' lang='lat' dir='ltr'>de</span> <span class='ocrx_word' id='word_1_265' title='bbox 979 2997 1247 3046; x_wconf 88' lang='lat' dir='ltr'>donatione</span> <span class='ocrx_word' id='word_1_266' title='bbox 1270 2999 1420 3046; x_wconf 76' lang='lat' dir='ltr'>ecciie</span> <span class='ocrx_word' id='word_1_267' title='bbox 1442 2999 1506 3046; x_wconf 87' lang='lat' dir='ltr'>de</span> <span class='ocrx_word' id='word_1_268' title='bbox 1528 2997 1773 3063; x_wconf 87' lang='lat' dir='ltr'>forgrund</span> <span class='ocrx_word' id='word_1_269' title='bbox 1793 3027 1804 3037; x_wconf 92' lang='lat'><strong>·</strong></span> <span class='ocrx_word' id='word_1_270' title='bbox 2224 3006 2331 3053; x_wconf 83' lang='lat'>197.</span> 
     </span>
     <span class='ocr_line' id='line_1_28' title="bbox 406 3093 2330 3160; baseline 0.001 -18"><span class='ocrx_word' id='word_1_271' title='bbox 406 3094 555 3142; x_wconf 89' lang='lat' dir='ltr'>Carta</span> <span class='ocrx_word' id='word_1_272' title='bbox 575 3095 622 3155; x_wconf 90' lang='lat' dir='ltr'>R</span> <span class='ocrx_word' id='word_1_273' title='bbox 646 3093 904 3152; x_wconf 67' lang='lat' dir='ltr'>malcolmi</span> <span class='ocrx_word' id='word_1_274' title='bbox 928 3094 991 3142; x_wconf 90' lang='lat' dir='ltr'>de</span> <span class='ocrx_word' id='word_1_275' title='bbox 1014 3095 1297 3160; x_wconf 65' lang='lat' dir='ltr'>porcionibq,</span> <span class='ocrx_word' id='word_1_276' title='bbox 1321 3095 1512 3144; x_wconf 90' lang='lat' dir='ltr'>altaris·</span> <span class='ocrx_word' id='word_1_277' title='bbox 2222 3103 2330 3151; x_wconf 88' lang='lat'>198.</span> 
     </span>
     <span class='ocr_line' id='line_1_29' title="bbox 403 3192 2328 3255; baseline 0.001 -13"><span class='ocrx_word' id='word_1_278' title='bbox 403 3193 628 3242; x_wconf 74' lang='lat' dir='ltr'>Confirffi</span> <span class='ocrx_word' id='word_1_279' title='bbox 647 3221 658 3233; x_wconf 93' lang='lat'><strong>·</strong></span> <span class='ocrx_word' id='word_1_280' title='bbox 674 3194 720 3255; x_wconf 94' lang='lat' dir='ltr'>R</span> <span class='ocrx_word' id='word_1_281' title='bbox 738 3221 749 3233; x_wconf 89' lang='lat'><strong>·</strong></span> <span class='ocrx_word' id='word_1_282' title='bbox 773 3198 831 3251; x_wconf 79' lang='lat' dir='ltr'>ct)</span> <span class='ocrx_word' id='word_1_283' title='bbox 848 3221 859 3233; x_wconf 90' lang='lat'><strong>·</strong></span> <span class='ocrx_word' id='word_1_284' title='bbox 881 3193 944 3241; x_wconf 87' lang='lat' dir='ltr'>de</span> <span class='ocrx_word' id='word_1_285' title='bbox 966 3199 1074 3241; x_wconf 87' lang='lat' dir='ltr'>tota</span> <span class='ocrx_word' id='word_1_286' title='bbox 1095 3192 1352 3242; x_wconf 87' lang='lat' dir='ltr'>oblacione</span> <span class='ocrx_word' id='word_1_287' title='bbox 1375 3193 1548 3243; x_wconf 89' lang='lat' dir='ltr'>altaris</span> <span class='ocrx_word' id='word_1_288' title='bbox 1559 3222 1570 3234; x_wconf 90' lang='lat'><strong>·</strong></span> <span class='ocrx_word' id='word_1_289' title='bbox 2221 3201 2328 3250; x_wconf 91' lang='lat'>199.</span> 
     </span>
    </p>
   </div>
   <div class='ocr_carea' id='block_1_4' title="bbox 403 3291 2328 3357">
    <p class='ocr_par' dir='ltr' id='par_1_4' title="bbox 403 3291 2328 3357">
     <span class='ocr_line' id='line_1_30' title="bbox 403 3291 2328 3357; baseline 0 -15"><span class='ocrx_word' id='word_1_290' title='bbox 403 3293 552 3342; x_wconf 88' lang='lat' dir='ltr'>Carta</span> <span class='ocrx_word' id='word_1_291' title='bbox 573 3294 620 3354; x_wconf 93' lang='lat' dir='ltr'>R</span> <span class='ocrx_word' id='word_1_292' title='bbox 646 3292 905 3351; x_wconf 68' lang='lat' dir='ltr'>malcolmi</span> <span class='ocrx_word' id='word_1_293' title='bbox 929 3292 993 3340; x_wconf 89' lang='lat' dir='ltr'>de</span> <span class='ocrx_word' id='word_1_294' title='bbox 1016 3291 1161 3356; x_wconf 73' lang='lat' dir='ltr'>h51b3</span> <span class='ocrx_word' id='word_1_295' title='bbox 1185 3291 1424 3357; x_wconf 89' lang='lat' dir='ltr'>fugitiuis</span> <span class='ocrx_word' id='word_1_296' title='bbox 1435 3321 1446 3332; x_wconf 89' lang='lat'><strong>·</strong></span> <span class='ocrx_word' id='word_1_297' title='bbox 2262 3295 2328 3343; x_wconf 87' lang='lat' dir='ltr'>1b.</span> 
     </span>
    </p>
   </div>
  </div>
 </body>
</html>
