2938 3932
454 722 529 769 39.

453 918 528 959 40.

453 1210 526 1251 41.

445 1404 525 1445 42.

450 1598 524 1640 43.

449 1794 520 1834 44.

450 1988 520 2029 45.

451 2278 523 2323 46.

451 2477 524 2522 47.

452 2963 525 3006 48.

1421 381 1620 432 xxxviii

579 518 770 584 gernok
791 519 845 568 in
865 516 1108 567 ecclesiam
1134 512 1458 581 parochialem
1481 512 1545 562 de
1570 511 1722 567 seres,
1747 506 2075 574 Prepofiturae
2099 506 2268 555 Beatae
2293 505 2471 554 Mariae

581 617 809 668 Civitatis
833 616 996 666 Sancti
1020 615 1520 667 Andreae‘annexam,
1543 609 1605 658 ad
1628 606 2043 674 presentationem
2069 603 2241 669 Regis.
2315 609 2457 661 1375.

581 713 904 764 Confirmatio
944 712 1076 762 Saeri
1112 711 1175 760 de
1195 694 1382 768 Quinci
1415 707 1660 756 canonicis
1697 706 1744 755 S.
1770 704 1991 754 Andreae
2026 703 2158 752 facta
2195 702 2259 750 de
2294 701 2470 750 Davac

583 811 748 862 Icthar
771 810 984 875 Hathyn
1006 824 1158 874 quam
1182 813 1339 856 mater
1360 795 1467 871 ejus
1494 803 1709 853 dederat.

580 908 902 959 Confirmatio
952 906 1187 972 Hugonis
1220 892 1682 953 de'Mortuo·Mari
1717 900 1964 949 canonicis
2001 899 2048 947 S.
2085 888 2307 947 Andreae
2339 898 2471 946 facta

578 1007 640 1056 de
671 1004 852 1071 capella
883 1004 947 1053 de
970 1002 1153 1053 Foules
1175 1017 1327 1067 quam
1360 1000 1561 1049 dederat
1594 1014 1718 1048 avus
1739 998 1855 1047 suus
1882 995 2175 1045 VVillelmus
2200 994 2471 1052 Masculus,

578 1103 756 1151 additis
778 1102 979 1151 decimis
1003 1100 1272 1150 molendini
1295 1105 1346 1148 et
1369 1097 1574 1163 pastura.
1644 1094 1965 1157 (1202—33.)

578 1200 723 1248 Carta
748 1199 980 1264 Hugonis
1003 1198 1065 1247 de
1079 1197 1418 1262 Fodringham
1436 1195 1498 1244 de
1516 1193 1918 1243 warantizatione
1941 1192 2208 1241 domorum
2233 1192 2284 1240 in
2311 1191 2467 1242 insula

577 1298 638 1346 de
661 1296 814 1346 Perth
838 1296 1080 1346 canonicis
1105 1296 1152 1345 S.
1178 1294 1397 1344 Andreae
1418 1311 1447 1342 a
1467 1295 1515 1342 se
1537 1294 1867 1342 venditarum.
1939 1296 2081 1346 1289.

579 1396 723 1443 Carta
747 1394 914 1442 Adam
939 1394 1029 1442 filii
1053 1393 1256 1442 Abrabe
1279 1392 1341 1441 de
1366 1391 1503 1441 Lura
1526 1391 1588 1440 de
1611 1390 1770 1441 tribus
1792 1390 1913 1438 acris
1938 1396 1989 1437 et
2022 1389 2218 1454 pastura
2251 1390 2302 1437 in
2330 1389 2470 1438 Lura

575 1493 795 1541 concessis
817 1492 1059 1540 canonicis
1084 1491 1130 1539 S.
1156 1490 1387 1539 Andreae.

583 1590 798 1638 Donatio
819 1589 1061 1639 Johannis
1084 1589 1147 1638 de
1171 1587 1458 1637 Inchefirith
1494 1588 1736 1637 canonicis
1763 1588 1810 1638 S.
1836 1587 2068 1637 Andreae-
2094 1587 2240 1646 facta,
2277 1587 2340 1636 de
2374 1588 2467 1653 pis-

576 1689 699 1736 caria
722 1688 783 1736 de
806 1685 1053 1749 Brekeles,
1078 1703 1141 1735 ex
1163 1686 1361 1735 adverso
1383 1686 1579 1751 piscarie
1603 1686 1896 1735 Conventus
1919 1686 1982 1734 de
2006 1686 2150 1751 May.
2223 1692 2367 1735 1283.

576 1786 796 1834 Donatio
818 1785 1025 1834 Henrici
1050 1784 1210 1833 Reuel
1233 1790 1283 1833 et
1307 1783 1604 1858 Margaretae
1636 1784 1818 1849 sponsae
1841 1784 1948 1849 ejus
1980 1784 2109 1833 facta
2144 1784 2393 1834 canonicis
2418 1785 2464 1833 S.

574 1882 802 1940 Andreae,
826 1882 887 1930 de
912 1887 972 1930 15
995 1883 1114 1931 acris
1138 1888 1278 1930 terrae
1301 1882 1428 1930 inter
1452 1881 1683 1931 Cultrath
1708 1888 1759 1930 et
1783 1882 2150 1931 Balmurinach.
2234 1938 2241 1943 κ

575 1980 856 2044 Ressgnatio
879 1986 1118 2028 terrarum
1142 1979 1205 2027 de
1230 1980 1410 2028 Sconin
1434 1985 1485 2028 et
1508 1979 1854 2029 Balekathelin
1878 1987 1930 2029 et
1953 1987 2096 2030 terrae
2117 1981 2182 2030 ad
2204 1981 2463 2031 australem

575 2086 758 2143 partem
784 2078 916 2127 urbis
941 2079 986 2126 S.
1014 2078 1219 2127 Andree
1241 2079 1371 2128 inter
1394 2084 1637 2128 torrentes
1659 2078 1786 2128 facta
1808 2096 1896 2143 per
1912 2079 2201 2129 VValterum
2219 2080 2464 2145 juvenem

572 2177 632 2225 de
655 2176 997 2243 Rokesburgh‚
1020 2176 1386 2225 Archidiacono
1411 2176 1458 2225 S.
1482 2177 1718 2226 Andreae.

575 2275 759 2332 Quieta
791 2275 1016 2323 clamatio
1051 2276 1324 2323 tenementi
1357 2275 1499 2339 super
1522 2275 1601 2323 Le
1619 2275 1729 2340 Nys
1752 2277 1805 2324 in
1830 2277 1947 2325 villa
1969 2277 2032 2326 de
2058 2279 2251 2328 Berwic
2284 2279 2416 2328 facta
2438 2297 2466 2328 a

576 2371 747 2421 David
768 2371 929 2421 ciss'ore
950 2371 1177 2438 burgensi
1200 2373 1263 2421 de
1286 2373 1479 2422 Berwic
1501 2374 1746 2423 canonicis
1771 2374 1818 2424 S.
1843 2375 2079 2426 Andreae.
2150 2383 2293 2431 1292.

578 2470 848 2518 Indenture
886 2470 945 2517 of
974 2472 1319 2534 appointment
1354 2470 1578 2520 between
1615 2472 1702 2519 the
1741 2472 1885 2522 Prior
1920 2473 2019 2522 and
2049 2474 2286 2524 Convent
2321 2476 2381 2525 of
2418 2477 2464 2526 S*

575 2567 821 2615 Andrews
853 2567 950 2615 and
984 2567 1070 2615 the
1093 2567 1269 2632 Burgh'
1291 2568 1351 2616 of
1378 2568 1671 2635 Linlithgw.
1741 2570 1851 2619 The
1875 2571 2110 2621 Convent
2146 2579 2200 2621 to
2233 2590 2333 2640 pay
2370 2581 2467 2624 200

576 2665 737 2712 merks
769 2664 866 2713 and
887 2664 986 2714 five
1007 2664 1171 2714 merks
1193 2665 1375 2730 yearly,
1401 2666 1498 2715 and
1516 2673 1570 2715 to
1592 2668 1654 2717 be
1675 2668 1891 2718 relieved
1914 2669 1981 2735 by
2006 2670 2093 2719 the
2116 2671 2294 2738 Burgh
2319 2674 2380 2722 of
2396 2674 2463 2724 all

576 2760 764 2810 bun-den
789 2762 847 2810 of
880 2761 1110 2827 building
1147 2762 1399 2829 repairing
1433 2764 1531 2812 and
1564 2765 1846 2831 upholding
1884 2768 1944 2815 of
1973 2768 2060 2816 the
2100 2770 2346 2835 queirdof
2373 2764 2471 2820 the'

576 2858 735 2922 pal-ish
758 2857 873 2906 kirk
896 2859 954 2908 of
973 2859 1264 2925 Linlithgw.
1335 2866 1476 2915 1497.

579 2956 849 3004 Indentura
869 2958 1313 3021 appunctuamenti
1335 2959 1465 3008 inter
1488 2959 1767 3011 Hem-icum
1792 2964 2079 3030 episcopum
2105 2967 2152 3015 S.
2178 2967 2388 3019 Andree
2411 2977 2462 3018 et

576 3054 815 3103 Johanem
854 3054 917 3103 de
955 3054 1117 3119 Halys
1152 3055 1378 3106 abbatem
1415 3057 1478 3106 de
1514 3058 1859 3110 Balmorinach
1899 3062 1962 3112 de
2000 3063 2139 3113 fonte
2185 3066 2463 3132 baptismali

574 3151 778 3215 aliisque
800 3151 1068 3217 privilegiis
1101 3152 1324 3202 conceffis
1358 3154 1554 3220 capellae
1577 3155 1743 3207 Sancti
1777 3158 1868 3208 Ali
1894 3156 1954 3209 in
1993 3162 2137 3212 usum
2162 3164 2457 3215 servitorum
