2938 3932
1319 364 1410 413 lvii

393 497 540 545 Carta
565 496 880 545 Merleswani
903 494 994 544 filii
1023 495 1335 544 Merleswani
1360 496 1424 544 de
1446 496 1596 544 eccfia
1619 495 1683 545 de
1707 495 2007 545 Kennachin
2031 523 2043 536 ·
2132 512 2180 560 p.
2207 502 2320 551 259.

391 595 540 644 Carta
562 595 719 644 Alani
743 595 806 643 de
830 594 1060 644 Lasceles
1088 594 1179 642 filii
1205 594 1361 643 Alani
1401 595 1464 643 de
1508 595 1734 644 Lasceles
1772 595 1835 643 de
1872 595 2000 644 ecc‘f·
2018 595 2081 643 de
2116 594 2322 661 forgrfid

389 694 604 743 adanat’ti
626 724 637 734 ·
2205 697 2314 743 260.

388 794 536 843 Carta
561 794 773 842 Henriei
800 758 1002 858 anelli
1029 792 1092 841 de
1116 792 1323 840 duobus
1335 792 1535 841 bouinis
1560 800 1689 842 terre
1712 794 1765 841 in
1789 793 2136 842 braneheulla·
2206 795 2316 857 261.

389 892 536 941 Carta
560 892 766 942 Ricardi
791 892 998 957 Lupelli
1021 892 1215 940 domini
1241 892 1304 940 de
1329 892 1514 941 Hawie
1537 892 1600 941 de
1623 893 1782 956 duabq,
1807 893 2009 941 bouatis
2025 875 2136 941 Pre-
2253 894 2318 942 ib.

389 990 538 1039 Carta
561 991 773 1040 Cristine
795 990 896 1040 filie
923 990 1140 1039 Walteri
1166 990 1352 1039 Corbet
1376 991 1440 1039 de
1463 990 1741 1057 refignac6e
1764 991 1975 1040 homini]
1994 1020 2004 1031 ·
2209 994 2318 1041 262.

388 1089 538 1139 Carta
577 1090 797 1138 Walteri
839 1090 902 1139 de
941 1089 1154 1139 Lundin
1196 1090 1260 1139 de
1296 1091 1482 1156 viginti
1525 1091 1652 1139 acris
1680 1096 1809 1139 terre
1854 1091 1999 1139 iuxta
2043 1090 2208 1140 laeum
2256 1093 2319 1140 de

387 1188 597 1236 Lundin
617 1217 626 1228 ·
2205 1192 2315 1240 263.

387 1287 536 1335 Carta
561 1287 780 1335 Walteri
804 1287 894 1335 filii
918 1287 1145 1353 Philippi
1169 1288 1232 1335 de
1257 1294 1387 1336 terra
1408 1287 1769 1338 adhebrecches
1789 1318 1800 1329 ·
2203 1291 2314 1338 264.

387 1386 536 1435 Carta
561 1386 812 1435 willelmi
837 1386 1039 1436 masculi
1064 1386 1127 1435 de
1149 1386 1336 1452 capella
1360 1387 1425 1436 de
1447 1386 1611 1436 foules
1635 1415 1646 1426 ·
2248 1388 2315 1436 ib.

386 1486 719 1535 Confirmacio
743 1487 986 1553 Hugonis
1010 1487 1073 1535 de
1099 1493 1300 1545 mortuo
1323 1488 1449 1535 mari
1472 1487 1537 1535 de
1559 1487 1747 1553 capella
1769 1487 1833 1536 de
1855 1487 2014 1537 foules
2037 1515 2048 1526 ·
2204 1489 2314 1536 265.

386 1585 535 1634 Carta
558 1585 813 1634 Willelmi
837 1587 901 1634 de
925 1586 1268 1635 Lambertona
1291 1586 1355 1636 de
1379 1586 1577 1636 ecclefia
1604 1587 1668 1636 de
1691 1587 1951 1636 Bowirdin
1975 1616 1987 1626 ·
2208 1588 2319 1636 266.

386 1685 534 1734 Carta
558 1684 811 1733 Willelmi
835 1685 898 1733 de
925 1685 1241 1734 Lambertun
1268 1685 1331 1734 de
1356 1685 1624 1735 duodecim
1650 1686 1778 1734 aeris
1791 1686 1854 1734 de
1880 1685 2086 1735 Bowird
2102 1714 2112 1725 ·
2207 1687 2318 1739 267.

387 1783 698 1832 Confirmaffo
735 1783 1017 1832 Alexandri
1056 1783 1147 1831 filii
1190 1783 1462 1832 Willielmi
1510 1784 1573 1832 de
1614 1784 1934 1833 Lambertun
1971 1785 2035 1833 de
2071 1785 2220 1833 eccfia
2260 1785 2322 1833 de

386 1882 592 1931 Bowird
613 1912 623 1922 ·
2254 1884 2319 1932 ib.

387 1982 536 2031 Carta
562 1982 828 2030 Laurencii
853 1975 916 2030 (16
941 1981 1187 2030 Abirnith
1211 1981 1275 2030 de
1297 2009 1308 2021 ·
1329 1999 1365 2030 x
1384 2009 1394 2020 ·
1411 1980 1535 2031 solid
1558 1981 1621 2029 de
1656 1981 1858 2030 redditu
1901 1981 2021 2030 uille
2056 1982 2119 2030 de
2142 1981 2321 2030 Balne-

385 2082 503 2147 brey
523 2110 534 2120 ·
2208 2081 2319 2130 268.

386 2181 535 2230 Carta
558 2181 806 2246 Johannis
841 2180 932 2229 filii
960 2180 1223 2230 Michaelis
1259 2181 1322 2229 de
1356 2180 1517 2229 dimid
1550 2197 1715 2229 marca
1749 2181 1812 2229 de
1846 2181 2049 2229 braeino
2083 2181 2145 2228 de
2183 2170 2319 2228 Mor-

319 2308 327 2322 =
385 2281 602 2330 kambus
623 2309 632 2320 ·
2210 2280 2320 2334 269.

388 2381 539 2430 Carta
574 2379 836 2428 Gilleberti
873 2380 1008 2429 Scoti
1049 2378 1140 2426 filii
1187 2379 1365 2428 Eweni
1402 2378 1466 2427 de
1504 2378 1851 2445 Monorgrunt
1896 2379 1959 2427 de
2006 2385 2135 2427 terra
2179 2379 2324 2443 super

388 2478 568 2531 Pillie.
2256 2478 2320 2526 ib.

390 2578 719 2628 Confirmatio
745 2579 925 2644 Magni
948 2577 1040 2626 filii
1063 2577 1310 2626 Gileberti
1336 2577 1471 2626 Scoti
1494 2576 1586 2625 filii
1611 2576 1774 2625 Ewen
1799 2576 1862 2625 de
1892 2577 2237 2643 Monorgrunt
2261 2576 2324 2624 de

392 2686 520 2726 terra
541 2678 688 2743 super
710 2676 872 2743 Pyllie
892 2705 904 2717 ·
2209 2681 2322 2728 270.

392 2777 542 2826 Carta
579 2777 793 2826 Henriei
830 2776 997 2825 Reuel
1051 2782 1102 2824 et
1150 2775 1438 2841 Margarete
1489 2776 1660 2840 sponse
1707 2775 1813 2823 eius
1861 2774 1923 2822 de
1969 2756 2054 2822 pra
2099 2775 2162 2822 de
2209 2774 2323 2822 Bal-

391 2875 652 2925 murinach
670 2903 681 2915 ·
2212 2879 2322 2926 271.

392 2974 726 3024 Confirmaeio
751 2974 921 3022 Adam
948 2973 1012 3022 de
1027 2973 1242 3023 'Stawe‘H
1264 2974 1329 3022 de
1351 2980 1481 3022 terra
1504 2974 1568 3022 de
1591 2971 1940 3022 Balmulinaeh
1960 3002 1970 3011 ·
2256 2972 2321 3019 ib.

395 3074 545 3123 Carta
569 3073 782 3122 Roberti
806 3072 869 3121 de
893 3072 1145 3121 Bernham
1170 3072 1233 3121 de
1253 3100 1264 3113 ·
1286 3073 1394 3138 iiij0¹
1416 3072 1538 3122 solid
1561 3072 1624 3120 de
1646 3078 1775 3120 terra
1798 3072 1850 3120 in
1875 3071 2108 3122 Beruwic
2127 3097 2139 3109 ·
2212 3075 2322 3122 272.

397 3174 546 3222 Carta
591 3172 805 3222 Henriei
851 3171 914 3220 de
952 3171 1168 3219 Winton
1216 3170 1278 3218 de
1302 3222 1305 3225 Δ
1327 3186 1371 3220 11
1418 3171 1617 3220 bouatis
1665 3177 1793 3219 terre
1849 3171 1900 3217 in
1959 3168 2205 3217 territorio
2263 3168 2326 3215 de
2395 3172 2396 3175 ’

397 3272 634 3321 Lundors
656 3300 666 3312 ·
1709 3271 1711 3273 ’
2214 3271 2324 3319 273.

1335 3368 1367 3414 lz
