2938 3932
527 2211 599 2254 10.

529 2598 601 2641 11.

531 2890 603 2933 12.

533 3082 603 3125 13.

635 654 704 703 eis
725 650 844 700 olim
866 667 895 699 a
918 646 1088 698 David
1113 645 1151 694 1.
1175 643 1320 708 Rege
1342 638 1623 690 concessam.
1692 634 1854 699 Apud
1879 631 2034 680 Perth
2061 634 2122 677 13
2149 628 2276 676 Dec.
2303 631 2448 675 1355.

642 750 823 798 Literae
844 750 1069 812 patentes
1092 739 1302 791 Roberti
1328 738 1369 787 1.
1396 736 1569 802 Regis,
1600 732 1872 783 concedens
1906 727 2044 794 quod
2076 724 2299 793 grangiae
2321 725 2520 773 canoni.

637 861 805 896 corum
831 844 878 893 S.
902 841 1121 891 Andreae
1142 837 1205 886 ad
1228 835 1473 885 culturam
1497 846 1670 880 eorum
1694 828 1944 894 propriam
1969 826 2224 890 deputatae
2244 822 2413 870 liberae
2432 821 2528 869 {int

638 942 699 991 ab
721 940 950 990 omnibus
972 933 1329 989 exactionibuS‚
1353 933 1438 980 ὄις.
1508 926 1757 991 Strivelyn
1786 931 1848 973 23
1875 922 2054 973 Marcii
2076 921 2248 986 Regni
2270 935 2403 969 anno
2428 925 2503 968 21.

640 1036 998 1090 Testimonium
1023 1031 1251 1082 wilelmi
1289 1028 1458 1078 Fraser
1494 1024 1706 1091 episcopi
1745 1023 1792 1071 S.
1833 1020 2040 1070 Andree
2076 1018 2218 1084 quod
2252 1017 2529 1066 Wilelmus

639 1138 701 1188 de
724 1135 900 1185 Ferret
920 1130 1185 1181 contulerit
1200 1129 1285 1194 jus
1307 1125 1445 1192 quod
1469 1123 1643 1174 habuit
1667 1122 1718 1170 in
1742 1118 1933 1170 ecclesia
1957 1118 2020 1167 de
2036 1116 2246 1166 Lochris
2269 1131 2387 1165 cum
2412 1115 2532 1165 dua-

642 1235 733 1283 bus
754 1232 874 1281 acris
897 1238 1023 1280 terre
1040 1227 1202 1277 Priori
1227 1233 1278 1275 et
1301 1222 1571 1275 conventui
1595 1221 1647 1270 in
1671 1218 1865 1268 ecclesia
1885 1218 1932 1267 S.
1957 1216 2166 1267 Andree
2187 1214 2529 1264 servientibus

644 1330 718 1380 Id.
743 1330 863 1378 Feb.
889 1332 1030 1382 1294.

642 1427 1031 1490 Transumptum
1067 1423 1156 1471 sub
1191 1419 1472 1471 testimonio
1499 1417 1835 1486 episcoporum
1862 1414 1925 1462 de
1948 1411 2198 1461 Dunkeld
2222 1418 2275 1461 et
2300 1412 2533 1461 Breichin

643 1526 795 1573 trium
836 1524 1232 1582 cartanmn—(l)
1282 1517 1451 1567 David
1490 1517 1531 1565 Ι.
1570 1514 1728 1579 Regis
1767 1513 1976 1562 ecclefiae
2018 1512 2064 1560 S.
2110 1511 2289 1560 Mariae
2327 1510 2392 1560 de
2427 1511 2534 1559 Ha-

644 1623 852 1687 dington
877 1627 928 1668 et
949 1618 1156 1668 ecclefiae
1180 1617 1226 1665 S.
1261 1615 1480 1671 Andree,
1520 1614 1664 1669 facta,
1688 1613 1751 1661 de
1786 1618 1914 1659 terra
1937 1610 2000 1659 de
2023 1609 2363 1674 Clerkyntun,
2401 1609 2534 1658 tofto

645 1722 694 1768 in
729 1718 1039 1783 Hadington‚
1073 1722 1125 1764 et
1147 1714 1348 1763 decimis
1371 1712 1435 1760 de
1472 1710 1940 1775 Hadingtonschire,
1964 1709 2100 1773 apud
2123 1708 2284 1757 Perth
2320 1713 2383 1757 18
2419 1707 2532 1756 Kal.

645 1817 679 1864 J
684 1816 749 1866 ui.
801 1814 1118 1876 (1138—40.)
1136 1817 1290 1876 3—(2)
1333 1809 1535 1858 Ricardi
1574 1808 1792 1878 'episcopi
1840 1807 1886 1856 S.
1935 1806 2144 1855 Andree
2189 1807 2439 1855 canonicis
2485 1807 2532 1854 S.

646 1913 850 1962 Andree
883 1911 1026 1960 factae
1058 1910 1120 1958 de
1152 1908 1343 1958 ecclesia
1373 1908 1436 1956 de
1460 1906 1760 1972 Hadington
1795 1922 1912 1954 cum
1948 1911 2075 1954 terra
2109 1904 2173 1953 de
2195 1904 2534 1970 Clerkyntun‚

645 2010 955 2071 (1163—77.)
973 2012 1127 2071 3—(3)
1152 2005 1382 2055 Wilelmi
1405 2006 1564 2068 Regis
1586 2004 1727 2053 sactae
1751 2003 1930 2052 eisdem
1957 2003 2020 2051 de
2042 2003 2217 2052 eadem
2251 2002 2447 2052 ecclefia
2486 2010 2537 2051 et

646 2114 782 2155 terra.
851 2106 1010 2170 Apud
1034 2104 1347 2169 Hadington.
1418 2104 1698 2165 (1178—9.)

648 2205 794 2253 Carta
818 2202 1026 2251 Arnaldi
1050 2201 1260 2266 episcopi
1285 2202 1333 2249 S.
1359 2199 1579 2257 Andree,
1603 2199 1739 2264 quod
1764 2199 2037 2249 oblationes
2071 2199 2238 2249 altaris
2274 2216 2400 2265 quas
2436 2201 2539 2266 sep-

650 2309 761 2350 tem·
775 2302 988 2366 personae
1008 2314 1107 2347 non
1131 2298 1463 2347 communiter
1484 2298 1711 2346 viventes
1737 2297 1973 2363 [Keledei
1993 2297 2253 2361 videlicet]
2280 2298 2538 2363 quondam

651 2403 936 2456 tenuerunt,
958 2395 1176 2445 canonici
1202 2396 1249 2444 S.
1284 2395 1489 2443 Andree
1512 2394 1787 2460 regularem
1811 2395 1968 2444 vitam
1999 2396 2195 2461 profeffi
2229 2402 2282 2445 et
2317 2396 2368 2444 in
2405 2413 2540 2446 com-

653 2510 805 2543 mune
827 2494 1061 2558 degentes
1084 2508 1219 2541 nunc
1239 2492 1489 2557 recipiant.
1559 2492 1844 2556 (1162-3.)

653 2592 799 2641 carta
819 2591 1029 2641 Roberti
1052 2590 1260 2655 episcopi
1287 2590 1333 2638 S.
1359 2589 1563 2638 Andree
1601 2590 1874 2639 concedens
1898 2592 2061 2641 Priori
2085 2598 2137 2642 et
2160 2594 2410 2643 canonicis
2433 2610 2541 2642 om-

652 2704 737 2737 nes
774 2687 1043 2736 oblationes
1082 2686 1245 2735 altaris
1284 2693 1490 2752 excepta
1524 2687 1728 2752 septima
1751 2705 1866 2754 quae
1899 2689 1962 2738 de
1988 2690 2106 2754 jure
2128 2693 2373 2757 competit
2397 2693 2541 2758 Epil-

652 2800 787 2849 copo,
855 2784 1139 2846 (1150—8.)

654 2882 799 2930 Carta
822 2881 1030 2931 Roberti
1054 2882 1264 2947 episcopi
1289 2882 1336 2930 S.
1373 2881 1578 2931 Andree
1610 2884 1881 2933 concedens
1915 2886 2163 2936 canonicis
2189 2887 2542 2938 Kininmuned

654 2993 774 3027 cum
794 2978 921 3027 tosto
943 2978 1009 3026 de
1030 2977 1334 3028 Kilrimund.
1403 2981 1683 3047 (1150—8.)

654 3073 913 3123 Ordinatio
934 3074 1163 3123 wilelmi
1189 3074 1418 3142 Episcopi
1455 3075 1503 3126 S.
1538 3077 1745 3127 Andree
1784 3080 1847 3129 de
1885 3081 2117 3146 pensione
2161 3084 2222 3132 16
2262 3100 2541 3134 marcarum

656 3187 768 3236 quae
790 3172 1066 3237 anitquitus
1088 3171 1366 3222 solvebatur
1387 3174 1677 3224 monasterio
1700 3176 1764 3225 de
1785 3177 2046 3245 Reddyng
2066 3180 2121 3228 in
2144 3181 2339 3247 Anglia
2360 3199 2389 3231 a
2411 3183 2542 3248 prio-

657 3274 764 3317 ratu
790 3268 852 3318 de
876 3268 997 3335 May
1021 3275 1073 3319 et
1096 3269 1159 3319 de
1183 3269 1495 3337 Petynwem,
1529 3272 1760 3325 solvenda
1781 3276 2148 3332 monasteriorS.
2173 3279 2395 3339 Andree,
2422 3281 2543 3346 quia
