2938 3932
1542 366 1685 414 xxxii

748 497 879 547 Item
931 499 1193 546 inventum
1249 495 1319 546 est
1372 495 1510 560 quod
1554 495 1589 543 fi
1634 494 1837 559 aliquod
1887 494 2139 558 judicium
2197 492 2329 542 infra
2384 494 2573 543 curiam

674 595 863 643 domini
907 594 1135 660 prepositi
1181 593 1490 643 kalediorum
1536 593 1617 642 seu
1663 593 1872 657 alicujus
1929 593 2130 640 baronie
2184 592 2314 640 infra
2356 592 2574 642 Cursum

676 693 806 757 Apri
841 692 899 740 fit
945 708 1032 756 per
1076 691 1293 757 aliquem
1338 690 1569 740 falsatum
1606 713 1620 737 t
1658 690 1720 739 ad
1765 690 1953 739 curiam
1994 689 2185 738 domini
2221 689 2458 755 Episcopi
2503 692 2573 740 est

672 788 1023 855 appellandum
1051 807 1067 836 l
1092 796 1142 837 et
1182 788 1249 837 ibi
1291 788 1484 837 dictum
1517 788 1769 852 judicium
1810 788 1878 837 est
1923 788 2361 837 determinandum
2402 795 2453 837 et
2490 789 2574 838 de-

674 886 972 937 clarandum.

740 984 869 1032 Item
903 985 1168 1032 inventum
1202 984 1270 1032 est
1304 984 1442 1049 quod
1475 983 1508 1031 si
1543 984 1721 1049 aliquis
1755 983 2033 1031 inhabitans
2068 984 2312 1047 predictas
2346 984 2571 1034 baronias

673 1088 845 1146 captus
869 1080 927 1128 fit
949 1087 1090 1129 extra
1112 1081 1326 1130 Cursum
1346 1082 1477 1145 Apri
1500 1081 1597 1130 five
1619 1097 1708 1146 per
1730 1081 1935 1130 ballivos
1958 1081 2150 1130 domini
2175 1081 2336 1147 Regis
2359 1082 2460 1132 five
2482 1100 2571 1148 per

674 1179 792 1227 alios
818 1196 833 1225 t
859 1179 1093 1227 liberetur
1106 1179 1511 1228 disrationaturus
1530 1197 1546 1227 l
1571 1185 1623 1227 et
1645 1185 1962 1228 revocaturus
1986 1179 2054 1228 est
2079 1185 2279 1229 tantum
2306 1196 2395 1245 per
2416 1182 2452 1231 J
2455 1182 2569 1231 usti-

674 1276 873 1324 tiarium
898 1276 1088 1325 domini
1107 1276 1337 1342 Episcopi
1352 1277 1431 1326 vel
1451 1276 1693 1326 ministros
1711 1277 1817 1342 ejus
1840 1277 1903 1326 ad
1920 1276 2229 1343 regalitatem
2253 1279 2298 1328 S.
2321 1280 2528 1329 Andree
2553 1299 2563 1329 t

675 1381 727 1422 et
749 1389 847 1421 non
875 1391 959 1439 per
981 1375 1194 1439 aliquem
1218 1374 1459 1423 ballivum
1483 1375 1729 1424 dictarum
1752 1376 2079 1424 baroniarum.

739 1473 968 1520 Preterea
1001 1473 1262 1521 inventum
1295 1473 1364 1521 est
1386 1489 1440 1521 ac
1462 1473 1777 1538 solempniter
1804 1474 1937 1523 dicto
1971 1475 2051 1523 die
2086 1474 2402 1540 publicatum
2427 1480 2567 1543 quod

674 1570 903 1618 dominus
941 1570 1212 1635 Episcopus
1250 1570 1346 1620 five
1384 1572 1490 1635 ejus
1517 1571 1812 1636 justitiarius
1846 1572 2024 1621 habeat
2057 1574 2349 1638 potestatem
2383 1592 2567 1642 cogno-

672 1668 832 1715 scendi
855 1668 917 1715 de
939 1668 1168 1716 omnibus
1182 1669 1391 1733 querelis
1414 1670 1476 1717 ad
1494 1685 1722 1719 coronam
1740 1670 1931 1719 domini
1951 1671 2108 1737 Regis
2127 1673 2497 1737 pertinentibus
2514 1683 2566 1724 et

673 1765 904 1813 membris
928 1766 1055 1814 infra
1079 1766 1289 1816 Cursum
1314 1768 1446 1832 Apri
1470 1785 1489 1815 l
1512 1775 1562 1817 et
1585 1769 1722 1843 quod
1745 1769 1905 1834 majus
1924 1769 1992 1819 est
2006 1786 2069 1819 ex
2089 1771 2406 1836 plenitudine
2428 1776 2565 1841 regie

671 1863 923 1924 potestatis
946 1863 1070 1911 infra
1091 1863 1282 1914 dictum
1307 1865 1521 1915 Cursum
1545 1867 1677 1932 Apri
1705 1868 1812 1932 post
1837 1868 2090 1932 judicium
2126 1870 2304 1921 datum
2328 1873 2487 1921 vitam
2512 1880 2563 1922 et

672 1960 888 2008 membra
912 1961 1280 2027 condempnatis
1303 1964 1418 2014 dare
1441 1965 1600 2029 potest
1622 1965 1856 2016 dominus
1880 1965 2157 2034 Episcopus
2183 1970 2230 2019 S.
2256 1971 2479 2022 Andree.
