2938 3932
235 2415 376 2446 Foteca.

1066 382 1335 435 SANCTI
1369 383 1711 436 ANDREE.
2288 394 2350 444 59

433 513 622 564 eisdem
669 514 945 581 ptinentib3
966 541 978 555 ·
994 515 1219 566 Ecciiam
1263 515 1327 565 de
1371 517 1651 585 egglesgirg
1666 545 1678 559 ·
1696 532 1815 567 cum
1859 516 2063 583 capellis
2099 527 2133 568 'z
2181 519 2359 568 ceteris

434 613 635 679 omnib3
679 613 845 664 eidem
889 613 1164 680 ptinentib3
1189 640 1202 655 ·
1227 614 1496 665 Ecclesiam
1541 616 1605 666 de
1647 614 1929 666 loschiresch
1953 643 1966 656 ·
1993 630 2110 666 cum
2160 615 2360 682 capellis

435 712 599 764 eidem
621 712 898 778 ptinentibq,
915 740 928 754 ·
945 711 1126 764 Cathel
1147 711 1384 763 uidelicet
1401 742 1414 755 ·
1434 725 1469 765 ”t
1492 714 1658 764 fordin
1674 742 1686 756 ·
1703 714 1930 765 Ecciiam
1948 713 2013 764 de
2033 713 2324 770 inchethore
2340 743 2351 755 ·

435 822 469 862 ’ἲ
493 813 696 862 ecciiam
718 811 783 862 de
804 810 1004 862 Kinard
1021 827 1179 861 acum
1202 812 1352 862 terris
1366 823 1401 863 et
1424 813 1624 878 omnibg,
1648 814 1835 864 eisdem
1857 813 2026 864 ecciiis
2037 814 2312 878 ptinentib3
2337 839 2352 854 ο

430 911 796 960 Proceffionem
838 908 1224 977 pentecostalem
1271 909 1335 959 de
1379 910 1609 961 laodonia
1625 940 1638 954 ·
1656 923 1691 962 ’ἱ
1739 913 1905 963 Scotia
1923 941 1935 954 ·
1953 913 2163 962 Terram
2207 915 2352 963 iuxta

430 1010 656 1059 sanctum
669 1009 947 1060 ‘Andream
969 1024 1127 1075 quam
1151 1008 1432 1067 malsnacht
1455 1012 1654 1060 tenuit·
1675 1021 1711 1061 *t
1733 1016 1918 1060 terram
1941 1011 2150 1062 turdath
2167 1040 2178 1052 ·
2195 1029 2347 1079 quam

431 1106 574 1157 dedit
605 1107 747 1174 operi
778 1122 915 1158 noue
946 1105 1145 1158 ecclesie
1164 1133 1177 1149 ·
1197 1106 1407 1158 Terram
1430 1108 1578 1158 helen
1599 1135 1610 1149 ·
1628 1125 1785 1176 quam
1809 1108 2075 1176 Slothagth
2098 1111 2265 1160 tenuit
2281 1138 2294 1152 ·
2316 1121 2352 1160 “t

430 1214 645 1273 utramq1,
687 1206 948 1256 struuehin
973 1234 987 1247 ·
1013 1205 1421 1257 Dunorchferdis
1435 1234 1448 1247 ·
1475 1206 1686 1257 Garried
1710 1232 1722 1249 ·
1747 1207 2057 1258 Neuedhins·
2083 1209 2321 1259 Eudered
2338 1236 2351 1250 ·

431 1305 611 1356 Tostas
622 1306 675 1357 in
700 1305 1042 1373 burgosancti
1057 1305 1241 1355 andree
1257 1333 1269 1347 ·
1285 1321 1441 1356 unam
1461 1322 1616 1373 quam
1630 1306 1895 1356 Robertus
1902 1307 1966 1356 de
1987 1307 2162 1357 bonair
2182 1314 2323 1357 tenet
2340 1337 2352 1350 ·

431 1416 466 1455 ‘t
489 1387 644 1455 al‘Pam
678 1421 780 1472 que
812 1405 913 1455 fuit
948 1404 1196 1456 Cudberti
1230 1404 1436 1455 decani·
1457 1414 1492 1455 ’ἱ
1533 1415 1688 1455 unam
1728 1412 1975 1471 percatam
2013 1422 2169 1472 quam
2207 1407 2365 1455 uuiffl‘

427 1505 629 1555 brunus
657 1510 798 1555 tenet
816 1532 828 1546 ·
849 1516 885 1555 ’ἱ
923 1503 1106 1554 tostam
1151 1520 1307 1571 quam
1353 1506 1498 1572 magr
1541 1504 1837 1554 herebertus
1872 1505 2039 1555 tenuit
2058 1532 2070 1546 ·
2090 1505 2178 1555 Ex
2223 1505 2356 1555 dono

429 1603 625 1662 mathei
667 1604 999 1654 archidiaconi
1043 1603 1108 1654 de
1151 1605 1318 1654 sancto
1361 1604 1544 1653 andrea
1567 1630 1581 1644 ·
1606 1603 1972 1654 Roffinclerach
1997 1633 2009 1646 -
2043 1621 2161 1654 cum
2215 1605 2364 1655 rectis

430 1702 599 1753 diuifis
642 1704 776 1753 suis·
801 1703 1029 1754 Ecciiam
1085 1703 1308 1753 eiusdem
1361 1703 1459 1766 loci
1508 1719 1629 1753 cum
1673 1704 1872 1768 omnib3
1919 1704 2185 1768 ptinentiis
2217 1705 2322 1754 suis
2337 1732 2349 1746 ·

428 1802 518 1854 Ex
562 1802 833 1852 donatione
877 1802 1096 1852 Arnaldi
1129 1802 1210 1868 effi
1242 1802 1476 1852 redditus
1510 1803 1602 1869 qui
1634 1802 1699 1851 de
1733 1803 1923 1852 eadem'
1954 1803 2102 1853 ecclia
2145 1804 2238 1869 epo
2281 1804 2352 1853 sci

431 1901 613 1952 andree
669 1901 981 1952 debebantur
1004 1928 1017 1943 ·
1046 1902 1136 1952 Ex
1191 1901 1326 1951 dono
1381 1901 1589 1951 simonis
1634 1902 1965 1960 morauienfis
2009 1902 2090 1967 eiii
2113 1930 2126 1943 ·
2152 1903 2352 1952 eccfiam

431 2001 497 2051 de
536 2001 791 2052 Kinardor
809 2029 821 2043 ·
839 2018 956 2052 cum
992 2017 1096 2053 una
1141 2006 1371 2051 carucata
1408 2006 1538 2051 terre
1559 2029 1571 2042 ·
1594 2011 1630 2051 ‘t
1666 2018 1784 2051 cum
1819 2001 2030 2051 decimis
2058 2001 2354 2051 reddituum

432 2099 589 2161 dfiion
621 2102 747 2162 suoi}
766 2127 779 2143 ·
799 2101 1029 2152 Ecciiam
1068 2101 1132 2150 de
1156 2096 1455 2167 coarchinge
1478 2128 1491 2142 ·
1517 2100 1744 2150 Ecciiam
1785 2101 1849 2150 de
1889 2116 2042 2167 cupre
2066 2127 2079 2141 ·
2104 2116 2226 2150 cum
2260 2101 2354 2164 pti-

430 2200 587 2251 neciis
609 2200 714 2250 suis
722 2227 736 2242 ·
759 2200 1033 2250 Decimam
1066 2198 1346 2249 molendini
1378 2198 1602 2249 eiusdem
1623 2199 1745 2248 uille
1765 2227 1776 2240 ·
1796 2200 2024 2249 Ecciiam
2047 2198 2111 2248 de
2135 2200 2318 2250 Sconin
2338 2227 2349 2240 ·

433 2315 551 2350 cum
591 2298 858 2365 ptinentiis
886 2299 991 2349 suis
1004 2326 1017 2341 ·
1034 2297 1259 2348 Ecciiam
1298 2297 1363 2347 de
1386 2297 1682 2348 Tarualund
1698 2325 1710 2338 ·
1731 2314 1847 2347 cum
1881 2279 1963 2347 Ῥω,
1999 2309 2034 2348 *t
2071 2297 2323 2347 moledino
2341 2325 2352 2338 ·

431 2400 655 2450 Ecciiam
699 2398 764 2449 de
811 2398 1078 2466 miguuith
1123 2414 1243 2448 cum
1287 2397 1437 2448 terris
1471 2396 1638 2447 eidem
1682 2396 1959 2460 ptinentib5
1985 2423 1999 2438 ·
2025 2396 2251 2447 Ecciiam
2295 2396 2359 2457 de

434 2497 688 2557 mucrofin
705 2527 717 2541 ·
734 2514 853 2548 cum
886 2503 1018 2547 terra
1049 2496 1217 2548 eidem
1238 2496 1468 2561 ptinente
1487 2522 1500 2536 ·
1526 2506 1561 2546 ’ἲ
1584 2495 1847 2546 dimidiam
1881 2500 2162 2546 carucatam
2193 2477 2273 2546 pre
2305 2498 2359 2544 in

430 2597 697 2649 Inuirmed
717 2623 729 2640 ·
749 2597 937 2647 Totam
974 2596 1226 2647 decimam
1259 2595 1322 2646 de
1346 2596 1466 2645 Kan
1487 2599 1500 2636 ³·
1518 2605 1554 2645 ‘z
1582 2593 1647 2644 de
1682 2596 1953 2645 uenatione
1972 2623 1984 2636 ·
2008 2606 2043 2645 ‘t
2076 2594 2140 2644 de
2172 2594 2372 2662 placitis

435 2697 721 2765 murgundi
737 2695 998 2763 quondam
1016 2695 1220 2745 comitis
1237 2694 1301 2744 de
1322 2711 1432 2744 mar
1446 2675 1702 2744 {Eccfiam
1726 2694 1790 2744 de
1808 2694 1996 2762 miggil
2010 2723 2023 2735 ·
2041 2711 2158 2744 cum
2182 2694 2366 2761 capella

434 2796 499 2846 ad
521 2812 634 2846 eam
652 2796 882 2860 ptinente
902 2822 915 2837 ο
937 2806 972 2845 ‘z
997 2811 1115 2844 cum
1133 2794 1256 2844 uilla
1277 2794 1542 2844 ecciiastica
1557 2822 1570 2836 ·
1593 2805 1627 2844 *t
1649 2794 1894 2859 redditib3
1918 2811 2045 2861 quos
2070 2794 2244 2845 Simon
2279 2793 2367 2844 do-

432 2895 611 2945 minus
633 2894 814 2944 fundi·
836 2903 871 2944 ’τε
904 2893 1229 2944 anteceffores
1251 2894 1365 2943 eius
1388 2894 1654 2944 annuatim
1687 2893 1808 2943 inde
1839 2894 1979 2958 pcipe
2011 2893 2230 2943 solebant
2249 2922 2261 2935 ·
2278 2893 2366 2943 Ex

434 2995 570 3044 dono
592 2992 819 3060 hugonis
833 2991 1013 3043 Gifard
1027 3020 1040 3034 ·
1061 2991 1327 3045 dimidiam
1349 2998 1632 3043 carucatam
1669 3001 1801 3042 terre
1824 2992 1888 3042 de
1910 2992 2150 3043 Roskelin
2169 3020 2181 3032 ·
2201 2992 2255 3042 in
2278 2991 2367 3042 {ira
2448 3059 2451 3061 Α

437 3094 502 3145 de
524 3092 700 3143 dunde
719 3118 733 3134 ·
749 3101 785 3141 ‘t
808 3091 873 3142 de
893 3090 1047 3141 altera
1069 3091 1341 3141 medietate
1363 3091 1586 3142 eiusdem
1610 3097 1837 3142 carucate
1870 3092 2045 3142 decem
2076 3090 2260 3140 solidos
2282 3106 2366 3139 an-

434 3193 636 3244 nuatim
653 3220 665 3233 ·
688 3191 777 3242 Ex
813 3189 949 3251 dono
973 3189 1136 3241 Alani
1175 3189 1268 3239 filii
1307 3189 1554 3240 uualteri·
1576 3206 1734 3241 unam
1778 3191 1960 3240 tostam
2005 3190 2059 3239 in
2103 3189 2266 3256 burgo
2303 3189 2367 3238 de

437 3290 794 3360 Rutherglene
814 3319 826 3334 ·
844 3300 881 3343 ‘t
922 3289 1186 3340 dimidiam
1233 3299 1513 3340 carucatam
1558 3271 1640 3340 Pte
1684 3289 1822 3356 apud
1866 3287 2227 3339 dundouenald
2245 3317 2257 3331 ·
2283 3288 2370 3340 Ex
