2938 3932
1110 409 1380 462 SANCTI
1415 407 1753 459 ANDREE.
2327 415 2389 460 85

467 540 617 591 Bulla
642 540 921 607 Innocentij
948 556 1076 608 pape

468 709 784 789 Inocentius
797 740 880 805 eps
903 739 1082 793 seruus
1094 739 1274 799 serum}
1296 739 1379 787 dei
1399 767 1410 779 ·
1431 739 1629 789 dilectis
1642 739 1783 788 filiis·
1803 739 1956 805 priori
1977 749 2015 788 ’ἵτ
2030 738 2214 805 capitio
2235 738 2389 787 sancti

464 838 646 886 andree
666 843 680 887 3
702 837 802 887 Sal?
819 865 830 877 ·
851 848 886 887 *t
909 838 1119 903 aplicam
1143 837 1497 887 benediccbem
1518 864 1530 878 ·
1549 838 1695 888 Sedis
1707 838 1866 904 apiice
1888 837 2140 887 rectitudo
2173 836 2299 886 ficut
2331 853 2389 885 ea

463 952 565 1002 que
598 936 841 986 uidentur
874 953 902 985 a
935 936 1149 985 rationis
1174 936 1376 984 tramite
1409 935 1648 986 diffonare
1681 938 1949 986 admittere
1982 936 2169 986 iustitia
2202 935 2389 1001 refugit

463 1035 699 1100 exigente
719 1038 733 1084 3
755 1034 820 1083 fic
853 1035 1002 1084 aures
1025 1034 1139 1083 suas
1163 1051 1192 1083 a
1225 1034 1420 1100 precib5
1455 1052 1558 1100 que
1591 1036 1860 1084 consonant
1897 1035 2112 1100 equitati
2150 1035 2389 1083 suadente

463 1134 729 1183 clementia
762 1150 865 1183 non
900 1133 1084 1183 auertit
1105 1161 1116 1173 ·
1137 1135 1209 1183 set
1231 1133 1408 1199 potius
1429 1132 1656 1183 fauorem
1690 1133 1998 1183 beneuolum
2031 1134 2266 1197 imptitur
2283 1162 2295 1174 ·
2313 1134 2393 1183 Ea

461 1238 610 1297 ppter
632 1232 802 1281 dilecti
824 1233 876 1280 in
903 1232 1112 1281 domino
1134 1231 1227 1280 filii
1250 1231 1432 1280 uestris
1456 1232 1800 1297 postulatioib3
1835 1233 1899 1281 de
1931 1233 2243 1299 benignitate
2269 1233 2399 1282 sedis

465 1331 727 1397 apostolice
748 1332 1054 1381 annuentes}
1076 1331 1372 1381 auctoritate
1388 1332 1696 1397 presentium
1716 1324 1992 1381 districtius
2004 1331 2390 1381 inhibemus-ne

467 1431 586 1496 quis
599 1432 759 1481 eccias
773 1431 891 1480 uras
904 1437 1077 1479 contra
1098 1431 1350 1480 lateranen
1373 1431 1557 1479 statuta
1579 1430 1775 1479 concilii
1808 1430 2021 1494 supfluis
2047 1431 2354 1494 euectionib3
2373 1460 2384 1470 ·

467 1531 816 1597 procuracssibg,
838 1559 848 1571 ·
869 1537 959 1580 aut
993 1531 1145 1580 etiam
1179 1531 1426 1579 indebitis
1449 1531 1703 1596 presumat
1736 1529 2050 1594 exactionib3
2084 1547 2357 1597 aggrauare
2377 1561 2387 1572 -

423 1689 428 1694 j
463 1631 767 1680 Inhibemus
790 1637 1013 1696 preterea
1047 1647 1112 1680 ne
1143 1631 1262 1697 quis
1285 1629 1414 1679 infra
1446 1631 1612 1678 metas
1636 1633 1803 1690 ecclam}
1838 1633 1963 1690 ufai}
1997 1629 2356 1695 parochialium
2376 1659 2388 1670 ·

461 1731 562 1779 fine
584 1731 808 1779 diocesaii
831 1731 911 1796 epi
930 1758 942 1771 ·
960 1742 995 1780 ’ἵε
1018 1734 1110 1780 u'fo
1132 1728 1319 1779 assensu
1344 1732 1530 1779 ecclam
1566 1729 1650 1779 uel
1683 1731 1958 1779 oratorium
1993 1731 2057 1779 de
2090 1746 2228 1779 nouo
2250 1730 2391 1780 edifi-

462 1847 571 1880 care
587 1858 600 1871 ·
621 1821 822 1895 fisumat
840 1857 854 1871 ·
872 1830 1025 1880 saluis
1060 1836 1230 1879 tamen
1277 1829 1562 1896 priuilegiis
1596 1829 1895 1895 pontificum
1941 1846 2184 1890 romanon
2209 1857 2223 1870 ·
2243 1830 2391 1879 Nulli

463 1946 583 1995 ergo
606 1931 688 1978 οἷο
709 1930 977 1978 hominum
1001 1929 1147 1979 liceat
1183 1929 1311 1977 hanc
1343 1929 1581 1994 paginam
1615 1931 1704 1977 n‘fe
1737 1928 2058 1977 inhibitionis
2080 1928 2385 1994 infringere3
2440 1959 2446 1965 -

463 2032 521 2079 ui
542 2031 588 2079 ei
611 2031 732 2079 ausu
755 2029 1018 2079 temerario
1051 2029 1295 2078 contraire
1315 2056 1326 2068 ·
1350 2028 1402 2079 Si
1425 2028 1546 2094 quis
1569 2033 1741 2076 autem
1776 2027 1870 2077 hoc
1904 2034 2203 2094 attemptare
2236 2017 2388 2092 fissip-

462 2131 578 2178 serit
598 2134 612 2179 3
630 2130 1032 2195 indignationem
1067 2128 1436 2194 omnipotentis
1459 2127 1541 2176 dei
1558 2156 1568 2167 ·
1588 2138 1622 2175 *t
1646 2127 1830 2187 beatozz
1853 2127 1982 2193 petri
2006 2137 2041 2176 ”c
2063 2127 2201 2194 pauli
2237 2131 2389 2193 apim}

463 2230 579 2278 eius
591 2230 639 2277 se
663 2229 865 2277 nouerit
888 2228 1205 2277 incursurum
1225 2254 1236 2268 ·
1258 2228 1457 2276 Datum
1484 2226 1721 2276 Ferentifi
1741 2256 1750 2267 ·
1772 2243 1807 2276 v
1827 2255 1838 2266 ·
1859 2225 1936 2274 id9
1955 2253 1967 2265 ·
1987 2226 2135 2291 Junii
2157 2255 2166 2266 ·
2188 2227 2389 2291 pontifi-

463 2329 609 2378 catus
621 2328 774 2377 nostri
796 2344 929 2378 anno
952 2328 1105 2378 Nono
1122 2357 1133 2369 ·

462 2630 613 2681 Bulla
637 2628 921 2695 Innocentij
948 2645 1078 2695 pape
1101 2628 1165 2677 de
1189 2628 1400 2677 decimis
1414 2628 1476 2676 de
1498 2627 1694 2677 lochres
1706 2655 1717 2667 ·

461 2799 814 2879 Innocentius
838 2828 921 2893 eps
953 2827 1132 2876 seruus
1155 2828 1333 2886 serum}
1367 2826 1450 2876 dei
1470 2854 1482 2867 ·
1504 2826 1727 2876 Dilectis
1751 2825 1868 2874 filiis
1880 2854 1890 2864 -
1912 2825 2062 2889 priori
2090 2835 2123 2875 *t
2148 2825 2413 2873 canonicis*

463 2927 618 2975 sancti
641 2926 852 2975 andree3
874 2925 976 2975 Sal?
991 2953 1004 2966 ·
1025 2937 1058 2975 ²1:
1077 2926 1288 2991 aplicam
1311 2925 1664 2975 benediccoem
1682 2953 1693 2965 ·
1713 2924 1868 2974 Iustis
1889 2923 2120 2990 petentifi
2150 2922 2405 2973 desideriis

464 3026 680 3091 dignum
703 3045 730 3080 ᾗ
752 3024 849 3073 nos
858 3023 1054 3073 facilem
1072 3024 1276 3090 prebere
1290 3024 1582 3073 consensum
1604 3053 1616 3065 ·
1638 3034 1673 3073 *t
1688 3032 1808 3073 uota
1832 3030 1883 3089 qe
1906 3040 1936 3072 a
1956 3023 2167 3072 rationis
2196 3022 2396 3070 tramite

463 3141 566 3173 non
590 3123 873 3173 discordant
893 3150 905 3163 ·
925 3122 1109 3172 effectu
1134 3124 1466 3188 prosequente
1482 3122 1656 3189 pplere
1678 3151 1689 3163 ·
1712 3123 1791 3172 Ea
1824 3128 1974 3188 ppter
2008 3121 2176 3170 dilecti
2210 3121 2273 3170 in,
2298 3119 2399 3168 dfio

464 3224 555 3273 filii
579 3224 687 3273 ufis
700 3223 846 3272 iustis
859 3221 1240 3288 postulationib3
1266 3228 1410 3287 grato
1433 3222 1755 3270 cocurrentes
1779 3221 1960 3271 affensu
1983 3225 1996 3270 3
2021 3218 2242 3269 decimas
2263 3218 2398 3266 bladi

269 3345 418 3378 Forsan.
448 3324 597 3390 'quas
620 3324 678 3373 ht
715 3325 845 3373 eccla
870 3325 961 3371 ura
985 3322 1036 3370 in
1062 3320 1293 3386 parochia
1316 3320 1379 3369 de
1401 3319 1598 3370 lochres
1610 3349 1620 3362 .
1640 3321 1703 3368 de
1738 3319 1876 3370 uillis
1903 3318 2137 3368 uidelicet
2158 3344 2168 3358 ·
2190 3315 2366 3366 Ardift
2386 3346 2398 3357 ·
