2938 3932
316 692 392 735 30.

1322 359 1505 408 xxxvfi

445 491 639 556 argenti
679 492 940 540 annuatim
981 491 1214 540 solvenda
1254 507 1343 556 per
1385 489 1666 556 capitulum
1707 490 1754 540 S.
1792 490 2016 540 Andreae
2053 492 2116 540 de
2151 498 2280 541 terra
2314 496 2375 542 de

447 588 648 654 Bolgin.

448 689 643 737 Actum
680 688 1122 737 commissariorum
1165 687 1573 752 Apostolicorum
1608 688 1662 736 in
1698 688 2071 754 causajlitigata
2103 689 2235 745 inter
2258 691 2369 738 Pri-

445 801 580 834 orem
606 791 658 835 et
681 792 990 835 conventum
1017 786 1064 835 S.
1087 785 1323 844 Andreae,
1341 792 1393 835 et
1410 786 1659 836 Keledeos
1681 791 1912 852 gerentes
1936 787 1983 835 se
2006 804 2098 853 pro
2121 763 2370 854 preposito
2440 850 2442 852 V

378 942 386 948 ι
444 892 495 934 et
518 885 766 935 canonicis
789 884 1000 934 ecclesiae
1024 884 1071 934 S.
1098 884 1262 933 Marie
1284 885 1503 934 civitatis
1529 884 1577 934 S.
1603 885 1842 934 Andreae.
1913 891 2056 935 1250.

316 988 391 1032 31.

315 1285 392 1329 32.

315 1682 392 1724 33.

315 1978 390 2021 34.

313 2273 390 2317 35.

315 2566 390 2613 36.

317 2867 394 2914 37.

317 3161 395 3206 38.

446 983 726 1033 Indentura
759 984 822 1033 de
856 983 1051 1032 ecclefia
1087 983 1150 1032 de
1185 982 1300 1032 Dul
1324 982 1516 1032 dimiffa
1539 1000 1567 1033 a
1589 983 1847 1032 Willelmo
1875 984 2066 1033 Cumin
2100 985 2279 1034 clerico
2314 987 2367 1033 in

443 1082 640 1131 firmam
656 1083 822 1132 Priori
838 1088 889 1131 et
903 1082 1245 1132 conventui-S.
1267 1081 1512 1142 Andreae3
1539 1081 1794 1134 reddendo
1808 1083 1871 1132 68
1888 1099 2075 1132 marcas
2091 1085 2369 1139 annuatim.

444 1181 536 1230 Ad
560 1181 798 1230 Pascham
829 1188 972 1231 1234.
2242 1171 2249 1178 ⁰

447 1278 734 1329 Declaratio
769 1281 824 1328 in
866 1281 1003 1329 curia
1040 1280 1215 1345 Papali
1257 1296 1321 1329 ne
1354 1279 1504 1329 Prior
1539 1284 1591 1329 et
1625 1280 1907 1346 capitulum
1933 1281 1994 1336 «S.
2020 1280 2231 1330 Andree
2266 1298 2376 1347 pre-³

435 1378 690 1442 judicium
726 1385 960 1445 caperent
993 1380 1186 1428 ratione
1220 1379 1373 1428 bullae
1408 1380 1734 1445 protectionis
1774 1380 1929 1446 Papae
1963 1380 2252 1429 Innocentii
2277 1381 2371 1430 IV.

445 1477 575 1527 datae
622 1477 881 1544 Prepofito
915 1484 967 1527 et
999 1478 1222 1544 capitulo
1257 1477 1468 1527 ecclefiae
1504 1478 1552 1527 S.
1591 1478 1770 1527 Mariae
1805 1478 2064 1539 (Keledeis
2098 1479 2375 1541 videlicet.)

444 1576 604 1625 Anno
626 1576 811 1641 pontif.
838 1582 868 1631 7
895 1582 1040 1626 1250.

445 1674 811 1726 Testimonium
831 1675 1203 1741 compofitionis
1227 1675 1290 1724 de
1310 1675 1454 1725 terris
1477 1692 1543 1724 ex
1566 1675 1864 1735 occidentali
1882 1682 2026 1741 parte
2049 1677 2170 1726 novi
2194 1679 2371 1742 operis,

443 1774 575 1822 inter
610 1773 1045 1825 Archidiaconum
1085 1775 1132 1824 S.
1154 1774 1371 1826 ..Andree
1405 1780 1458 1823 et
1493 1774 1777 1840 Hugonem
1819 1775 2207 1825 Seneschaldum
2247 1793 2368 1826 cum

445 1872 480 1920 J
483 1871 670 1920 ordano
692 1877 878 1937 nepote
901 1871 1023 1936 ejuS.

445 1969 705 2019 Institutio
744 1987 833 2036 per
858 1969 1192 2036 Radulphum
1229 1970 1517 2035 episcopum
1541 1970 1954 2021 Aberdonensem
1996 1972 2166 2021 vicarii
2204 1974 2256 2021 in
2292 1991 2368 2023 ec-

444 2068 581 2119 clefia
608 2067 672 2117 de
703 2068 947 2126 Bourdin,
984 2069 1048 2118 ad
1081 2069 1501 2134 presentationem
1535 2069 1812 2119 Prioriswet
1847 2077 2125 2119 conventus
2169 2072 2216 2120 S.
2257 2073 2368 2120 An-

444 2167 589 2217 dreae.
659 2168 979 2235 (1238-46.)

445 2266 712 2331 Inquisitio
736 2266 845 2332 (per
863 2266 1051 2316 -affisam
1067 2265 1313 2332 juratam)
1339 2267 1390 2315 in
1417 2266 1748 2316 controverfia
1771 2268 1903 2316 inter
1927 2269 2155 2317 Priorem
2183 2270 2229 2318 S.
2258 2271 2369 2318 An-

445 2365 575 2414 dreae
587 2370 650 2415 et
671 2364 917 2414 vicarium
935 2364 1086 2414 suum
1105 2364 1168 2414 de
1187 2364 1425 2424 Losresc⁴,
1449 2365 1513 2415 de
1533 2365 1787 2431 capellano
1802 2366 2106 2421 inveniendo
2120 2368 2183 2417 ad
2208 2368 2367 2434 capel-

443 2462 544 2514 lam
569 2463 634 2512 de
658 2462 813 2515 Katil.
886 2468 1031 2512 1323.
1117 2529 1120 2532 ἢ

444 2561 724 2611 Indentura
741 2561 1126 2627 compofitionis,
1144 2561 1207 2610 de
1226 2562 1487 2612 excambio
1505 2562 1762 2628 cujusdam
1782 2569 1926 2612 terrae
1943 2580 2097 2628 quam
2113 2564 2370 2614 Robertus

443 2661 609 2710 dictus
634 2660 992 2727 Kingf-legavit
1025 2661 1080 2709 in
1115 2660 1298 2712 ultima
1331 2661 1599 2711 voluntate
1623 2662 1874 2712 canonicis
1901 2663 1950 2712 S.
1975 2663 2212 2721 Andreae,
2237 2664 2370 2713 inter

443 2760 675 2810 Priorem
698 2765 750 2808 et
774 2758 976 2808 Godam
998 2758 1154 2808 filiam
1178 2759 1304 2808 dicti
1327 2759 1561 2810 Roberti.
1631 2765 1773 2814 1247.

447 2858 727 2908 Indentura
749 2857 813 2907 de
827 2863 957 2907 terra
974 2857 1185 2907 ecclefiae
1202 2858 1266 2907 de
1281 2858 1509 2907 Bourdin
1529 2857 1720 2908 dimiffa
1734 2859 1797 2907 ad
1816 2859 2011 2908 firmam
2031 2876 2119 2925 per
2143 2861 2369 2909 Priorem

439 2957 496 3008 S.
522 2955 746 3008 Andreae
767 2956 955 3006 vicario
971 2961 1223 3023 perpetuo
1248 2957 1310 3006 de
1333 2957 1578 3018 Bourdin‚
1615 2958 1851 3008 consensu
1874 2958 2080 3008 Ricardi
2105 2959 2373 3008 Aberdon,

446 3055 570 3105 enfis
594 3055 822 3121 episcopi.
892 3056 1036 3106 1268.

448 3153 752 3205 Mandatum
777 3152 1012 3203 Wilelmi
1036 3154 1251 3220 episcopi
1267 3154 1313 3204 S.
1333 3154 1564 3205 ,Andreae
1586 3154 1651 3205 ad
1674 3154 2022 3204 inducendum
2041 3154 2128 3203 W.
2156 3154 2217 3202 de
2242 3155 2370 3204 Dai-
