2938 3932
296 805 368 849 14.

293 1005 367 1046 15.

291 1297 365 1344 16.

286 1697 361 1742 17.

282 2193 356 2234 18.

281 2488 356 2535 19.

277 3080 355 3123 20.

1318 379 1465 427 xxxv

425 517 574 556 omne
589 507 676 572 jus
701 504 983 557 monasterii
1007 509 1070 558 de
1095 509 1356 575 Reddyng
1378 511 1431 558 in
1455 510 1547 558 isto
1570 510 1796 576 prioratu
1818 511 1872 559 in
1907 513 2263 571 monasterium
2301 514 2349 563 S.

424 600 634 654 Andree
657 606 944 655 transsatum
967 606 1052 656 est.
1122 608 1284 672 Apud
1303 608 1544 657 Sanctum
1562 609 1826 658 Andream
1850 609 1931 658 die
1949 610 1985 659 J
1987 608 2094 658 ovis
2117 611 2350 675 proximo

424 704 533 767 post
557 710 753 753 octavas
776 705 1111 769 apostolorum
1138 704 1286 754 Petriv
1303 713 1355 754 et
1380 706 1530 755 Paul-i
1554 712 1696 756 1318.

424 795 936 851 Conceflio‘Wilelmi
971 803 1187 868 episcopi
1230 804 1278 854 S.
1316 805 1527 854 Andree
1563 805 1627 853 de
1664 805 1862 855 ecclesia
1896 806 1960 855 de
2000 807 2191 855 Teruet
2219 807 2350 855 facta

423 900 796 974 Archidiacono
819 907 871 950 et
894 900 1240 950 successoribus
1264 901 1371 966 ejus
1396 905 1457 950 ad
1481 903 1852 952 incrementum
1877 905 2348 958 Archidiaconatus.

422 998 680 1063 obligatio
706 999 921 1048 Hem-ici
947 1000 1184 1065 Episcopi
1229 1000 1278 1049 S.
1302 1001 1513 1050 Andree
1548 1002 1713 1050 Priori
1750 1008 1802 1051 et
1839 1003 2089 1052 canonicis
2123 1003 2254 1052 facta
2286 1004 2349 1051 de

421 1103 484 1144 20
515 1097 651 1146 libris
670 1098 921 1147 ‘solvendis
946 1098 1009 1147 de
1032 1100 1255 1163 prioratu
1280 1100 1344 1148 de
1377 1101 1545 1164 Maya.
1605 1100 1768 1165 Apud
1794 1101 2037 1150 Sanctum
2063 1101 2338 1151 Andream.

416 1201 480 1248 27
502 1196 539 1244 J
539 1211 614 1244 an.
643 1201 785 1245 1415.

419 1294 737 1359 Inspeximus
762 1297 987 1344 mandati
1011 1297 1201 1362 septem
1226 1297 1588 1362 episcoporum,
1606 1298 1904 1346 Alexandro
1922 1298 2026 1347 111.
2046 1298 2183 1363 Regi
2207 1300 2344 1354 miffi,

417 1394 480 1440 de
513 1393 806 1458 spoliatione
829 1395 1015 1444 Prioris
1043 1396 1088 1445 S.
1116 1396 1340 1454 Andree,
1373 1411 1476 1444 non
1515 1397 1883 1446 interveniente
1909 1397 2140 1461 judiciali
2175 1399 2345 1462 cogni-

417 1492 555 1540 tione
592 1492 915 1557 prelatorum,
957 1500 1127 1542 contra
1164 1493 1419 1543 libertates
1454 1493 1665 1544 ecclefiae
1683 1494 1741 1542 in
1766 1494 1950 1543 ultimo
1974 1495 2184 1545 concilio
2207 1497 2344 1561 apud

415 1590 722 1657 Edinburgh
746 1591 1027 1642 affirmatas.
1099 1594 1389 1658 (·1250-—5.)
1636 1583 1638 1585 ¹

415 1689 660 1738 Inhibitio
685 1690 863 1739 Jacobi
898 1691 1115 1755 episcopi
1151 1692 1199 1741 S.
1237 1692 1447 1742 Andree
1481 1708 1547 1742 ne
1579 1693 1879 1758 frangantur
1913 1694 1995 1743 vel
2028 1694 2342 1743 abducantur

412 1787 600 1852 lapides
624 1788 687 1836 de
710 1805 836 1854 rupe
852 1789 1004 1853 juxta
1028 1806 1165 1848 mare
1190 1807 1254 1838 ex
1277 1790 1467 1839 boreali·
1499 1799 1642 1856 parte
1676 1790 1887 1841 ecclefiae
1921 1792 2230 1851 cathedralis,
2271 1810 2336 1842 ex

412 1903 516 1950 quo
540 1886 769 1935 defectus
792 1887 1116 1937 fundamenti
1150 1888 1337 1953 poterit
1370 1889 1555 1947 timeri,
1589 1889 1681 1938 sub
1714 1905 1858 1954 paena
1883 1896 1978 1939 100
2012 1890 2252 1940 librarum
2287 1900 2339 1940 et

412 1980 961 2034 excommunicationis.
998 1986 1162 2050 Apud
1189 1986 1578 2036 Inchemurtach
1609 1987 1694 2037 ‘die
1712 1987 1964 2037 dominica
1984 2005 2085 2054 qua
2103 1996 2336 2039 cantatur

411 2084 572 2141 Quasi
595 2083 749 2132 modo
770 2084 948 2149 geniti,
976 2090 1120 2133 1330.

411 2183 562 2231 Carta
585 2181 821 2230 Wilelmi
843 2183 1057 2248 episcopi
1087 2183 1132 2232 S.
1163 2183 1373 2232 Andree
1398 2184 1677 2235 concedens
1702 2185 1869 2234 Priori
1905 2192 1957 2235 et
1991 2187 2239 2235 canonicis
2263 2187 2336 2235 vi-

409 2282 558 2330 carias
599 2281 662 2330 de
700 2280 972 2346 Forgrund
1009 2281 1063 2328 in
1106 2280 1364 2345 Gouirryn
1388 2288 1441 2330 et
1478 2282 1545 2330 de
1582 2282 1859 2348 Forgrund
1891 2283 1944 2332 in
1976 2283 2093 2349 Fyf.
2163 2286 2194 2333 6
2222 2285 2357 2334 Kal.-

411 2379 534 2428 Feb.
570 2386 710 2434 1292.

410 2479 717 2543 Preceptum
743 2479 976 2528 Wilelmi
1017 2480 1232 2544 episcopi
1275 2480 1323 2528 S.
1372 2479 1581 2529 Andree
1621 2479 1808 2529 decano
1844 2481 2231 2531 Christianitatis
2273 2484 2336 2531 de

409 2577 542 2641 Fyff
556 2585 607 2626 et
631 2578 694 2626 de
717 2577 990 2626 Fothereff
1007 2584 1065 2626 ut
1088 2577 1298 2626 inducat
1332 2578 1386 2626 in
1421 2577 1728 2643 corporalem
1763 2578 2097 2644 poss'effionem
2127 2579 2337 2629 ecclefiae

407 2677 470 2723 de
493 2668 838 2741 Abircromby
862 2676 1090 2725 Priorem
1126 2682 1177 2725 et
1215 2682 1527 2724 conventum
1563 2676 1612 2725 S.
1636 2676 1861 2735 Andree,
1880 2694 1987 2742 -pro
2020 2678 2333 2727 incremento

407 2775 668 2823 luminaris
693 2774 866 2839 magni
888 2773 1084 2834 altaris;
1111 2779 1162 2822 et
1178 2773 1231 2821 in
1246 2775 1445 2839 fignum
1470 2774 1696 2824 mandati
1715 2775 1976 2840 adimpleti
1990 2775 2207 2841 sigillum
2226 2777 2333 2825 offi-

409 2874 471 2921 cii
505 2874 595 2921 sui·
614 2878 851 2938 precepto
884 2879 1120 2938 apponat.
1189 2872 1353 2938 Torry
1379 2873 1461 2922 die
1494 2873 1669 2922 martis
1692 2873 1745 2922 in
1770 2873 1896 2923 festo
1928 2873 2087 2924 beatae
2110 2874 2332 2940 Agathae
2371 2930 2373 2933 v
2401 2875 2405 2878 ’

409 2973 633 3037 virginis,
661 2978 805 3027 1319.

408 3071 737 3120 Confirmatio
762 3070 996 3120 Wilelmi
1030 3069 1245 3135 episcopi
1283 3070 1330 3120 S.
1367 3070 1576 3119 Andree
1609 3070 1741 3119 facta
1765 3069 2012 3119 Wilelmo
2045 3069 2150 3118 filio
2175 3070 2328 3118 Lam-

406 3172 476 3219 br'
501 3171 563 3218 de
600 3176 730 3218 terra
754 3168 1054 3218 Balrimund
1090 3184 1247 3232 quam
1287 3173 1428 3216 tenet
1463 3167 1528 3217 de
1551 3167 1726 3217 Adam
1765 3167 1830 3217 de
1871 3167 2196 3232 Kinigmund
2236 3169 2327 3232 qui

403 3285 513 3318 eam
538 3258 677 3317 tenet
701 3259 764 3317 de
789 3262 964 3316 Priore
986 3273 1038 3316 et
1061 3272 1317 3316 conventu
1344 3266 1393 3317 S.
1419 3265 1641 3316 Andree.
