2938 3932
1171 405 1439 456 SANCTI
1475 406 1582 456 AN
1589 406 1816 457 DREE.
2359 413 2451 458 121

533 628 824 695 [Concessio
846 633 1008 683 nostra
1030 636 1291 685 Canonicis
1317 637 1485 687 Sancti
1511 638 1717 688 Servani
1739 638 1870 686 intra
1893 637 2058 686 lacum
2083 636 2146 685 de
2172 636 2353 685 Lewin
2374 638 2414 699 ·]

333 832 485 864 ¹²⁰¹·⁵³·b·
532 793 766 880 Unififis
803 831 891 896 xiii
928 831 1161 881 fidelibus
1178 859 1188 871 ·
1207 832 1349 897 putes
1389 832 1554 882 literas
1594 834 1768 883 visuris
1817 833 1900 883 vel
1944 833 2190 883 audituris
2231 832 2453 898 Joannes

528 930 663 994 prior
684 934 736 978 et
760 929 1023 980 Couentus
1044 930 1380 978 sanctiandree
1400 958 1413 970 ·
1436 931 1562 980 Slfm
1597 937 1766 980 eterna
1800 932 1854 979 in
1891 931 1992 980 dflo
2016 931 2192 996 quavis
2228 931 2310 995 pie
2349 946 2453 978 me-

529 1028 686 1076 morie
709 1027 863 1076 dauid
883 1055 894 1067 ·
915 1033 966 1076 et
980 1026 1147 1076 villffis
1169 1043 1312 1092 reges
1335 1029 1483 1077 scotie
1502 1047 1519 1077 l
1535 1035 1586 1078 et
1608 1029 1836 1078 robertus
1859 1035 1911 1078 et
1935 1029 2155 1078 ricardus
2179 1030 2258 1094 epi
2279 1029 2452 1077 sancti-

525 1125 650 1174 and?
667 1142 685 1172 l
703 1125 789 1190 pio
810 1125 1063 1191 religionis
1087 1125 1270 1175 affectu
1295 1126 1544 1175 dederunt
1566 1133 1618 1176 et
1641 1126 2086 1176 Confirmauerunt
2108 1127 2250 1175 nobis
2273 1133 2323 1175 et
2347 1129 2452 1176 suc-

524 1223 787 1272 cefforibus
810 1224 910 1273 nris
933 1223 1187 1273 abbaciam
1210 1224 1482 1274 keledeorfl
1506 1226 1638 1274 intra
1660 1226 1827 1274 lacum
1851 1225 1914 1275 de
1937 1225 2087 1274 lewin
2123 1233 2182 1274 cii
2216 1225 2451 1274 omnibus

523 1322 622 1370 suis
658 1322 867 1371 annexis
888 1340 905 1370 t
924 1322 1126 1371 conexis
1148 1340 1165 1371 t
1186 1322 1508 1388 dispo⁰nemqs
1542 1323 1795 1389 religionis
1829 1324 1882 1371 in
1916 1322 2008 1371 ead
2026 1341 2042 1370 t
2062 1323 2135 1372 Et
2169 1340 2230 1387 qv.
2263 1323 2451 1372 iustum

524 1419 595 1468 est
616 1426 668 1469 et
691 1425 922 1486 equfitvt
944 1420 1080 1470 illius
1103 1421 1305 1470 abbacie
1329 1421 1625 1493 fundatores
1649 1422 1832 1470 debitis
1857 1429 1925 1471 nc‘)
1949 1422 2162 1471 fraudetz
2184 1421 2448 1488 suffragiis·

522 1518 742 1569 Nouerit
773 1520 932 1586 igitur
964 1524 1053 1569 vra
1087 1505 1324 1569 vniiifitas
1346 1537 1469 1569 snos
1509 1520 1735 1570 exilitate
1767 1521 1958 1569 bonorfi
1993 1523 2242 1586 prioratus
2277 1521 2354 1569 nii
2389 1520 2452 1568 de

522 1618 799 1668 loichlewin
825 1618 1125 1668 confiderata
1147 1635 1204 1669 ac
1222 1619 1382 1685 quieti
1406 1619 1620 1669 fratrum
1639 1625 1691 1668 et
1710 1622 2007 1669 canonicorfi
2033 1624 2240 1669 nforum
2264 1619 2451 1668 ordinis

522 1717 675 1765 sancti
696 1718 948 1783 augustini
971 1718 1079 1766 ibid
1102 1718 1397 1767 institutori]
1420 1724 1473 1767 et
1495 1719 1809 1768 comorantisi
1833 1718 2036 1767 caritate
2059 1718 2197 1766 frana
2240 1719 2450 1781 ,puidere

522 1816 778 1869 volentes!
799 1817 863 1865 de
896 1817 1162 1866 uoluntate
1195 1823 1247 1866 et
1280 1817 1447 1866 cosilio
1482 1817 1570 1866 diii
1595 1816 1884 1866 Gamalielis
1919 1817 1998 1882 epi
2033 1817 2110 1867 nfi
2129 1835 2146 1865 l
2165 1833 2220 1866 ac
2243 1818 2449 1866 comuni

523 1915 777 1987 Consensu'
798 1920 850 1964 et
871 1915 1051 1964 assensu
1078 1916 1205 1980 capti
1227 1916 1308 1964 nfi
1330 1914 1511 1964 dediffe
1533 1933 1550 1963 l
1569 1915 1801 1964 coceffiffe
1822 1934 1838 1963 t
1858 1921 1910 1964 et
1932 1915 2024 1964 hac
2056 1917 2169 1981 pfiti
2204 1922 2337 1964 carta
2359 1921 2449 1964 nra

521 2013 851 2064 confirmass'et
873 2014 967 2063 deo
998 2020 1050 2063 et
1073 2014 1230 2063 eccle'e
1263 2015 1416 2063 sancti
1447 2013 1594 2064 suani
1630 2015 1763 2063 intra
1795 2014 1961 2064 lacum
1996 2000 2059 2063 de
2092 2014 2242 2063 lewin
2262 2033 2279 2063 t
2299 2021 2350 2064 et
2383 2015 2448 2063 ad

520 2113 639 2160 vsus
662 2113 800 2178 pp²os
841 2112 1155 2162 Canonicori‘i
1193 2112 1300 2162 ibid
1337 2113 1432 2162 deo
1471 2113 1700 2163 ‹fuientifi
1741 2119 1793 2162 et
1829 2116 2151 2179 imperpetufl
2187 2113 2446 2164 fuiturorfi

518 2216 679 2259 totam
702 2217 755 2260 et
776 2211 972 2277 integra
988 2212 1201 2260 insulam
1228 2212 1395 2261 Sancti
1417 2213 1611 2261 seruani
1641 2212 1698 2260 in
1730 2212 1866 2261 dicto
1900 2212 2009 2261 lacu
2043 2211 2274 2261 fituatam
2295 2242 2307 2253 ·
2328 2229 2446 2261 cum

516 2310 627 2358 iure
648 2300 866 2375 piscandi
888 2312 941 2358 in
960 2310 1084 2359 code
1106 2310 1180 2358 Et
1197 2310 1434 2359 omnibus
1452 2310 1843 2359 comoditatibus
1863 2311 1961 2359 suis
1979 2338 1990 2350 ·
2008 2311 2203 2376 integra
2219 2311 2447 2359 barronia

516 2408 580 2457 de
603 2408 809 2459 kirknes
831 2425 950 2458 cum
974 2408 1214 2458 connexis
1237 2408 1446 2458 annexis
1474 2415 1526 2457 et
1559 2408 1799 2473 pediculis
1834 2408 1972 2457 eiusd
2005 2409 2085 2472 vi3
2120 2425 2238 2457 cum
2273 2408 2446 2457 admo?

516 2514 568 2556 et
590 2507 728 2557 rialie
750 2514 802 2558 et
824 2508 1059 2557 omnibus
1082 2509 1256 2571 ptinefi
1279 2508 1378 2556 suis
1400 2525 1417 2555 s
1436 2513 1488 2556 et
1511 2524 1630 2556 cum
1655 2507 1930 2556 earundem
1946 2507 2180 2556 villarum
2205 2507 2445 2557 decimis!

515 2612 622 2655 tam
658 2607 929 2656 maioribus
967 2606 1027 2672 q‘
1056 2606 1336 2656 minoribus
1357 2624 1374 2655 l
1396 2613 1448 2655 et
1484 2622 1603 2656 cum
1644 2606 1778 2655 canis
1811 2606 1875 2655 de
1908 2605 2080 2672 bolgifi
2116 2606 2411 2655 Balchristin
2429 2630 2444 2654 l

516 2705 806 2755 markinche
826 2724 843 2754 l
864 2716 898 2755 *t
921 2706 1207 2756 auchmotie
1224 2724 1241 2754 l
1257 2723 1314 2756 ac
1336 2706 1438 2755 etia
1471 2723 1590 2755 cum
1610 2690 1794 2755 vniiifis
1831 2705 2036 2754 decimis
2076 2708 2226 2755 ecciie
2260 2709 2348 2755 ni'e
2383 2707 2446 2755 de

514 2803 854 2868 porthmohok
874 2822 891 2852 t
911 2804 1153 2870 Exceptis
1177 2804 1383 2854 decimis
1417 2805 1628 2871 garbarfi
1652 2804 1789 2854 eiusd
1815 2821 1939 2870 quas
1972 2804 2116 2854 nobis
2149 2803 2410 2854 refuamus
2432 2835 2444 2847 ·

515 2902 663 2954 Prior
695 2907 868 2954 autem
902 2903 1038 2953 dicte
1067 2904 1227 2955 insule
1262 2904 1454 2969 prefate
1477 2904 1635 2953 ecclee
1658 2905 1722 2953 de
1756 2904 2033 2970 porthmok
2056 2921 2145 2969 per
2185 2905 2445 2970 ydoneum

516 3003 679 3066 capim
702 3001 904 3051 honeste
925 3000 1073 3053 saciet
1096 3001 1286 3051 defuiri
1307 3020 1324 3050 l
1345 3018 1401 3051 ac
1435 3002 1499 3052 de
1522 3019 1639 3052 cura
1663 3003 1888 3052 animari-i
1911 3009 1964 3052 et
1986 3003 2188 3052 omnib9
2212 3004 2445 3052 oneribus

515 3100 776 3149 ordinariis
820 3100 1009 3150 dictam
1056 3084 1269 3150 eccleam
1303 3101 1603 3166 cotigetibus
1637 3103 1864 3166 preterq‘r
1893 3102 1956 3149 de
1990 3102 2237 3167 particula
2271 3119 2445 3165 potira-

513 3199 666 3248 tionis
691 3199 814 3248 dnm
839 3199 1127 3265 episcopum
1151 3204 1407 3248 cocernete
1428 3215 1521 3264 pro
1543 3199 1687 3248 nobis
1711 3206 1763 3248 et
1788 3200 2132 3249 successoribus
2165 3202 2267 3249 nris
2301 3202 2445 3250 riide-

517 3299 591 3351 bit
612 3328 622 3339 -
643 3306 693 3348 et
718 3298 881 3364 priore
904 3297 1061 3349 insule
1085 3297 1294 3348 cedente
1315 3297 1397 3347 vel
1421 3297 1691 3347 decedente
1713 3298 1777 3347 ad
1801 3314 1891 3347 nos
1923 3305 1974 3347 et
2008 3298 2296 3348 successores
2330 3303 2445 3350 n‘fos

1457 3412 1494 3450 Q
