2938 3932
516 754 594 803 59.

517 943 591 989 60.

511 1524 585 1573 61.

509 1817 583 1863 62.

506 2012 578 2058 63.

503 2206 576 2253 64.

502 2498 576 2545 65.

499 2691 574 2739 66.

1559 420 1610 468 xl

644 554 794 620 patris
816 555 886 603 sui
909 553 1149 603 factarum
1174 551 1417 602 canonicis
1437 550 1483 600 S.
1509 550 1731 600 Andreae
1753 549 1816 598 de
1839 548 2046 599 ecclesiis
2070 548 2133 597 de
2153 546 2341 612 Cupre,
2366 547 2540 596 Mark-

645 653 775 717 inge,
801 651 979 700 Sconin
1006 656 1056 699 et
1079 649 1260 715 capella
1283 649 1346 697 de
1369 647 1531 698 Katel.
1603 647 1768 709 (Ante
1792 652 1955 710 1203.)

645 748 792 798 Carta
814 747 1075 797 Dunecani
1100 746 1310 796 Comitis
1333 745 1396 795 de
1419 745 1537 794 Fife
1560 744 1622 794 de
1645 743 1828 810 capella
1851 743 1915 792 de
1938 741 2115 793 Chatel
2139 742 2256 791 data
2289 743 2537 791 canonicis

646 845 693 894 S.
716 844 948 894 Andreae.
1017 844 1178 904 (Ante
1203 846 1364 906 1203.)

643 940 965 991 Confirmatio
987 939 1186 989 Ricardi
1210 937 1422 1004 episcopi
1444 938 1490 987 S.
1507 936 1727 986 Andreae
1741 936 1855 985 data
1872 935 2127 984 monachis
2142 934 2205 984 de
2223 935 2535 986 Dunferme-

642 1039 708 1087 lin
754 1038 817 1087 de
859 1038 1091 1087 omnibus
1135 1036 1493 1102 poffeffionibus
1538 1040 1588 1083 et
1632 1033 1882 1083 beneflciis
1927 1039 1980 1082 et
2025 1033 2324 1082 nominatim
2359 1034 2423 1083 de
2458 1051 2536 1084 ec-

640 1136 788 1185 clesiis
821 1135 883 1184 de
916 1136 1051 1193 Pert,
1093 1135 1139 1184 S.
1167 1134 1431 1193 Leonardi‚
1470 1132 1589 1182 villa
1622 1132 1823 1189 Glinen,
1866 1131 2118 1189 Strivelin‚
2156 1130 2344 1189 Kellin,
2381 1133 2536 1181 Abir-

640 1232 845 1290 crumbi,
882 1231 1144 1289 Nithbren,
1186 1230 1457 1296 Kilgleffin‚
1508 1229 1786 1286 Inuereseh,
1829 1229 2043 1287 Wimet,
2087 1228 2235 1287 Hala,
2272 1229 2533 1287 Neutune,

641 1329 1104 1387 Westercaledoure,
1145 1343 1259 1379 cum
1298 1326 1494 1394 capellis
1528 1333 1578 1377 et
1601 1327 1805 1377 decimis
1828 1332 1881 1375 et
1903 1326 2077 1376 scholis
2099 1327 2165 1377 de
2187 1327 2313 1378 Pert
2335 1333 2388 1377 et
2412 1327 2534 1377 Stri-

639 1426 782 1477 velin.
851 1431 1130 1490 (1170—2.)

638 1523 959 1573 Confirmatio
979 1524 1066 1573 W.
1090 1524 1153 1572 de
1176 1523 1505 1572 Lambirthon
1539 1523 1750 1588 episcopi
1786 1523 1833 1572 S.
1869 1523 2092 1572 Andreae
2125 1524 2240 1573 data
2263 1524 2458 1574 Abbati
2481 1532 2533 1574 et

637 1620 886 1671 monachis
909 1620 972 1670 de
994 1620 1364 1686 Dunfermelyn
1400 1619 1463 1670 de
1498 1619 1692 1670 ecclefia
1732 1620 1795 1670 de
1821 1620 2023 1685 Kynros
2060 1627 2112 1670 et
2135 1621 2322 1687 capella
2345 1622 2409 1672 de
2431 1623 2532 1672 Ur-

637 1717 760 1768 well.
829 1723 968 1771 1317.

636 1815 934 1879 Preceptum
962 1814 1189 1863 Wilelmi
1212 1815 1425 1880 episcopi
1450 1815 1497 1865 S.
1524 1814 1747 1864 Andreae
1786 1815 1849 1864 ad
1872 1815 2241 1866 instituendum
2267 1818 2526 1868 Abbatem

633 1911 694 1960 de
719 1897 871 1960 Scona
896 1914 946 1961 in
972 1911 1163 1962 eeclefia
1186 1913 1248 1960 de
1271 1912 1399 1961 Blar.
1469 1918 1613 1966 1357.

632 2009 954 2059 Confirmatio
992 2010 1230 2076 generalis
1269 2010 1334 2059 R.
1375 2010 1588 2076 episcopi
1626 2011 1673 2061 S.
1699 2012 1922 2062 Andreae
1962 2012 2179 2063 concess'a
2215 2014 2426 2066 ecclefiae
2465 2017 2528 2065 de

632 2107 1001 2158 Dunfermelin.
1071 2111 1355 2173 <117o-2.)

630 2205 775 2253 Carta
789 2205 1036 2254 Willelmi
1060 2205 1122 2254 de
1144 2205 1385 2254 Rothven
1408 2206 1581 2256 militis
1605 2207 1795 2256 domini
1818 2209 1882 2259 de
1904 2210 2098 2268 eodem,
2121 2209 2251 2261 facta
2271 2212 2415 2261 fratri
2437 2213 2526 2262 suo

631 2301 800 2351 David
822 2303 884 2352 de
906 2302 1146 2351 Rothven
1171 2302 1233 2352 de
1258 2303 1397 2352 terris
1421 2304 1484 2352 de
1506 2304 1553 2353 la
1576 2304 1823 2354 Morehall
1845 2313 1897 2356 et
1921 2307 2202 2373 Fertevyot
2235 2310 2367 2359 infra
2394 2311 2526 2360 vice·

629 2399 919 2447 comitatum
944 2399 1006 2448 de
1028 2400 1199 2457 Perth‚
1225 2416 1348 2465 quas
1370 2405 1507 2449 tenet
1530 2401 1593 2450 de
1616 2403 1807 2452 ecclesia
1831 2403 1878 2453 S.
1904 2405 2143 2455 Andreae.
2213 2412 2357 2457 1400.

629 2495 774 2544 Carta
797 2495 1004 2545 Henrici
1027 2496 1089 2546 de
1107 2497 1326 2546 Winton
1350 2498 1412 2546 de
1435 2499 1546 2548 duis
1568 2499 1761 2550 bovatis
1785 2507 1927 2552 terrae
1949 2503 2000 2552 in
2026 2504 2278 2554 territorio
2299 2506 2364 2556 de
2376 2506 2524 2556 Lun-

627 2591 738 2640 dors
762 2592 986 2642 conceffis
1008 2595 1250 2643 canonicis
1275 2594 1321 2643 S.
1346 2596 1581 2646 Andreae.

626 2689 907 2739 Execution
943 2691 1003 2739 of
1032 2691 1318 2749 arrestment
1353 2699 1404 2742 at
1439 2695 1524 2743 the
1547 2695 1761 2746 instance
1788 2698 1848 2747 of
1879 2700 1966 2749 the
2009 2701 2244 2751 Convent
2284 2702 2346 2752 of
2380 2702 2522 2752 Saint

624 2787 871 2837 Andrews
891 2787 961 2853 by
983 2788 1187 2838 Patrick
1210 2790 1350 2839 Well
1372 2791 1535 2841 baillie
1556 2794 1616 2843 of
1633 2794 1804 2845 Perth‚
1874 2802 2018 2850 1483.

624 2882 821 2942 Citatio,
857 2884 919 2933 ad
954 2885 1233 2936 instantiam
1263 2888 1299 2937 J
1300 2889 1437 2938 acobi
1474 2893 1878 2943 commendatarii
1914 2898 2146 2962 perpetui
2170 2898 2430 2949 Prioratus
2468 2901 2515 2950 S.

624 2980 854 3039 Andreae,
892 2982 1132 3032 Johannis
1169 2984 1338 3034 Rowu
1376 2987 1550 3051 prioris
1587 2989 1650 3039 de
1690 2990 2051 3059 Pettynweym
2096 2995 2160 3044 ad
2205 2996 2518 3062 prestandam

623 3077 951 3127 obedientiam
975 3079 1190 3129 debitam
1215 3081 1650 3135 commendatario
1671 3093 1913 3154 tanquam
1935 3091 2185 3157 superiori,
2202 3093 2355 3157 juxta
2377 3101 2518 3146 teno-

621 3190 723 3222 rem
758 3176 1011 3226 erectionis
1046 3178 1291 3243 prioratus
1325 3180 1388 3230 de
1410 3182 1797 3251 Pettynweyme
1837 3194 1890 3238 et
1925 3190 2152 3256 regulam
2177 3192 2285 3242 divi
2307 3194 2520 3260 Augus-

622 3271 727 3320 tini.
796 3278 936 3328 1549.
