2938 3932
1076 366 1326 419 INDEX
1351 365 1754 419 NOMINUM:
2280 379 2392 427 xvii

423 511 566 561 Insula,
589 514 781 553 Robertus
800 514 905 554 de—
934 519 1025 562 157,
1048 515 1137 562 169.
1481 518 1705 568 Johannes„
1715 516 1914 570 Magister,
1930 519 2171 571 (capellanus
2186 521 2388 575 episcopi,)

423 569 598 616 Inuerin,
619 569 814 608 Gillecrist
843 570 963 609 frater
993 569 1200 609 Malkolmi
1228 572 1333 611 de·—
1778 578 1868 619 134,
1891 574 1981 620 136,
2006 580 2093 622 139,
2111 581 2207 622 255,
2226 581 2318 621 259.

666 628 757 663 383.
1477 649 1692 661 ———
1709 639 1832 678 nepos
1866 628 2033 680 episcopi
2062 629 2195 668 Sancti
2213 630 2388 677 Androe,

630 677 870 716 Malkolmus
889 678 994 716 de—
1013 682 1105 717 383.
1767 686 1856 727 124,
1901 686 1990 729 125,
2030 683 2169 734 (nepos
2215 683 2385 736 episcopi

423 731 695 777 querkefflin,
734 731 969 770 Willielmus
1005 732 1111 771 de—
1147 731 1330 783 (clericus
1764 734 1959 786 Roberti‚)
2011 741 2100 781 138,
2154 742 2243 782 139,
2293 742 2383 783 140,

479 785 681 838 episcopi‚)
706 790 794 831 158,
819 791 908 831 159,
934 785 1022 824 160.
1779 794 1868 836 141,
1906 788 2000 835 260,
2037 796 2130 836 295,
2171 790 2390 844 (clericus‚)

423 839 665 886 Inuermeth,
686 839 837 878 Alanus
856 840 960 878 de—
987 845 1078 879 250.
1767 847 1857 881 321.

684 893 786 931 Vide
806 893 1044 932 senescallus
1063 894 1179 932 de—.
1481 895 1671 934 ,Iohannis
1689 895 1803 942 filius,
1822 896 2033 944 Johannes,
2064 898 2154 938 306.

423 947 711 998 Inuerpeferin,
733 946 946 986 Nicholaus
966 948 1071 986 (10-
1098 953 1191 987 241.

425 1001 553 1040 Iuette
572 1000 686 1049 filius,
706 1002 850 1048 Adam,
882 1006 971 1048 137,
993 1007 1084 1041 220.

1683 949 1798 996 filius,
1821 950 2010 1002 Rogerus,
2039 952 2132 992 261.

1686 1003 1802 1050 filius,
1823 1004 1887 1049 W,
1917 1010 2007 1043 345.

1639 1081 1667 1088 -
1686 1057 1800 1104 filius,
1814 1057 2059 1104 WillieLmus,
2073 1058 2165 1104 263,
2180 1064 2273 1106 278,
2291 1066 2383 1100 344.

1479 1110 1668 1157 Johnson,
1687 1111 1790 1162 Aye,
1820 1116 1857 1158 3,
1878 1117 1916 1150 4.
2254 1136 2257 1139 ·

422 1163 608 1209 Jacobus,
629 1163 864 1213 capellanus,
894 1168 959 1209 41,
979 1167 1046 1201 42.
1479 1164 1689 1210 Jordanus,
1712 1165 1918 1217 (surdam)
1938 1173 2156 1217 precentor,
2187 1172 2278 1206 305.

630 1216 807 1263 clericus,
850 1216 939 1262 163,
980 1216 1070 1262 164,
1111 1216 1200 1263 165,
1242 1217 1331 1265 166,
1711 1218 1958 1266 Willielmus,
1988 1225 2080 1259 302.

672 1270 761 1315 167,
782 1269 874 1309 306.
1482 1271 1614 1316 Jubel,
1634 1271 1879 1320 Willielmus,
1908 1279 2000 1319 393.

633 1323 738 1362 filius
758 1323 885 1371 Ketel,
915 1328 1006 1369 393.
1477 1324 1590 1370 Jud„
1610 1325 1850 1372 Malcolmus,
1881 1331 1973 1370 329.

630 1391 713 1424 rex,
743 1383 834 1416 408.
1184 1401 1189 1409 ι
1484 1378 1627 1424 Judex,
1646 1377 1857 1425 Walterus,
1887 1379 1978 1418 346.

424 1454 614 1465 --—--
634 1432 667 1478 1,
687 1445 770 1477 rex,
799 1435 866 1470 23.

635 1486 690 1531 ΙΙ,
711 1499 793 1532 rex,
822 1490 886 1524 24.

587 1563 615 1570 -
636 1540 715 1585 III,
734 1553 816 1585 rex,
845 1545 911 1578 24.
1484 1540 1557 1586 Ka,
1578 1539 1790 1586 Johannes,
1823 1539 2056 1593 (canonicus
2076 1541 2125 1580 de
2146 1541 2288 1582 Sancto
2306 1545 2390 1582 An-

424 1593 582 1644 Japhet,
602 1593 704 1632 filius
724 1593 917 1632 Simeonis
935 1592 1145 1645 presbiteri
1165 1593 1215 1632 de
1231 1594 1335 1633 Ken·
1537 1594 1665 1645 drea,)
1699 1593 1787 1633 162.

479 1647 614 1693 nakin,
648 1647 740 1686 260.
1485 1647 1698 1694 Kaldouer,
1737 1647 2006 1700 (Caledouer,)
2052 1648 2250 1689 Johannes
2288 1651 2391 1689 de·-

427 1701 552 1746 Jard.,
571 1701 753 1739 dominus
773 1701 877 1739 de—
905 1706 996 1747 359.
1539 1707 1633 1749 300,
1655 1706 1746 1739 301.
1809 1735 1815 1740 .

425 1755 641 1802 Jedewrth,
662 1755 943 1806 (Jeddeswrth,
976 1754 1210 1801 Jedeuurth,
1238 1754 1335 1794 Jed-
1486 1754 1626 1800 Kalko,
1649 1755 1826 1805 (Kelceo,
1850 1755 2044 1802 Kelchou,
2070 1756 2203 1802 Calho,
2234 1758 2390 1803 Celcou,

697 1809 861 1856 wortha,
884 1809 1083 1855 Jedewrd,
1112 1809 1334 1854 Jedewrde,
1692 1808 1883 1856 Celchou,
1897 1808 2130 1862 Chelchou,)
2151 1811 2270 1850 abbas
2289 1812 2393 1851 de·-
2471 1812 2474 1814 ’

698 1863 972 1914 Geddeuuht‚)
988 1864 1107 1901 abbas
1122 1863 1226 1901 de—
1243 1867 1336 1902 351.
1702 1867 1769 1902 23.

426 1941 532 1950 —-
660 1918 779 1956 abbas
798 1917 902 1955 de—
918 1918 1124 1962 orbertus,
1140 1922 1229 1963 125,
1247 1916 1336 1963 126,
1483 1939 1644 1950 -—-
1662 1917 1780 1955 abbas
1792 1916 1896 1954 de—
1906 1916 2118 1965 Arnaldus,
2140 1918 2388 1970 (Ernaldus,)

701 1977 792 2018 131,
811 1977 900 2016 133,
917 1976 1006 2018 144,
1026 1976 1115 2018 194,
1134 1976 1224 2017 197,
1246 1975 1335 2016 198,
1702 1975 1791 2017 125,
1816 1975 1903 2016 197.

699 2031 792 2071 201,
812 2030 902 2064 202.
1482 2048 1644 2058 —-
1662 2025 1782 2064 abbas
1801 2024 1906 2063 de—
1922 2024 2134 2072 Johannes,
2173 2031 2263 2073 131,
2297 2031 2390 2075 133,

428 2104 535 2113 -—
670 2080 790 2118 abbas
810 2079 913 2117 de—
934 2079 1134 2125 Ricardus,
1164 2083 1255 2117 222.
1702 2083 1793 2123 144,
1816 2083 1905 2124 194,
1925 2084 2018 2124 202,
2039 2085 2131 2118 222.

668 2135 775 2185 prior
794 2133 900 2172 de—
919 2132 1125 2179 osbertus,
1157 2137 1247 2171 184.
1481 2155 1644 2166 ———
1661 2133 1780 2171 abbas
1798 2131 1902 2170 de—
1921 2132 2116 2180 Osbertus,
2149 2138 2237 2172 152.

425 2189 654 2234 Jerusalem,
686 2188 824 2226 fratres
857 2186 900 2225 in
930 2187 1078 2238 templo
1110 2185 1331 2238 (hospitali)
1482 2209 1642 2219 --—
1661 2185 1876 2224 monachus
1894 2186 1999 2225 de—
2019 2186 2155 2238 Hugo,
2191 2192 2282 2231 127.

484 2243 588 2281 de—
620 2247 708 2287 124,
733 2247 821 2286 139.

425 2296 639 2342 Jocelinus,
660 2295 857 2346 Magister,
887 2300 951 2341 82,
973 2299 1036 2341 83,
1060 2299 1148 2334 138.

1663 2238 1877 2278 monachus
1896 2240 2000 2278 de—
2017 2240 2230 2286 Johannes,
2263 2246 2352 2283 127.

1661 2294 1769 2346 prior
1798 2294 1903 2331 de—
1929 2293 2137 2340 Walterus,
2170 2299 2260 2340 128,
2297 2299 2388 2340 129,

427 2350 553 2390 Joech
572 2350 686 2395 filius,
707 2349 849 2395 Adam,
878 2348 972 2387 264.
1704 2353 1793 2395 132,
1816 2352 1906 2393 133,
1930 2353 2018 2386 144.

426 2405 622 2446 Johanna,
641 2404 719 2442 filia
737 2404 898 2455 persone
917 2402 966 2440 de
986 2402 1214 2448 Lasmanen,
1244 2407 1334 2445 378.
1664 2401 1854 2441 Ricardus
1864 2401 1969 2439 de—
1986 2400 2169 2452 (clericus
2180 2400 2387 2453 episcopi,)

428 2458 636 2504 Johannes,
656 2457 875 2496 avunculus
891 2457 1051 2495 Roberti
1066 2456 1116 2495 de
1128 2456 1336 2502 Bernham,
1706 2461 1794 2502 157,
1819 2459 1907 2500 158,
1931 2460 2020 2499 159,
2045 2454 2133 2499 160,
2158 2454 2250 2503 161,
2274 2459 2362 2498 170.

701 2516 792 2555 272.
1489 2509 1620 2555 Karai,
1642 2508 1820 2561 (Karel,)
1844 2507 2066 2559 capellanus
2086 2508 2187 2546 de—
2215 2513 2306 2547 382.

665 2565 917 2604 cancellarius
935 2564 1119 2616 episcopi,
1151 2563 1239 2603 126.

431 2642 647 2652 ——-——-
665 2619 900 2670 capellanus,
959 2624 1049 2664 172,
1104 2622 1197 2666 245,
1246 2622 1337 2662 300,

1640 2563 1862 2614 capellanus
1881 2562 1985 2600 de—
2004 2561 2115 2606 Rad„
2144 2567 2236 2608 389.

1640 2617 1862 2668 capellanus
1881 2616 1987 2654 de—
2003 2615 2210 2661 Walterus,
2239 2619 2332 2662 390.

1642 2670 1804 2710 clericus
1824 2670 1929 2708 de—
1947 2669 2084 2720 Hugo,
2113 2668 2205 2707 216.

1640 2724 1810 2763 decanus
1829 2724 1933 2762 de—
1961 2728 2051 2767 397.

648 2726 843 2773 -dericus,
873 2731 966 2772 295,
987 2731 1078 2764 302.

667 2780 830 2818 clericus
850 2780 900 2818 de
919 2779 1137 2823 Hadinton,
1166 2781 1258 2821 278.
1595 2800 1622 2808 -
1641 2778 1751 2816 faber
1770 2778 1874 2816 de—
1891 2775 2138 2822 Willielmus,
2168 2780 2258 2821 393.

666 2833 882 2884 episcopus,
911 2838 1003 2879 321,
1024 2837 1115 2870 322.
1625 2831 1823 2881 'Reingod
1841 2830 1946 2867 de—
1978 2834 2068 2867 382.

668 2887 770 2925 filius
789 2887 918 2924 Adam
938 2886 1007 2924 filii
1027 2883 1192 2930 Odonis,
1221 2888 1313 2923 281.
1486 2905 1621 2917 —---
1641 2884 1835 2921 Robertus
1855 2883 1959 2921 de—
1986 2887 2077 2920 34].

669 2940 772 2979 filius
790 2940 995 2985 Johannis,
1021 2937 1113 2978 306.
1640 2936 1808 2975 vicarius
1829 2937 1934 2974 de—
1954 2934 2161 2979 Radulfus,
2195 2933 2284 2973 162.

668 2994 771 3032 filius
791 2993 986 3039 Lambini,
1016 2997 1107 3031 335.
1640 2989 1858 3028 vicecomes
1877 2989 1980 3026 de—
2001 2988 2217 3033 Galfridus,
2247 2993 2338 3032 275.

666 3047 769 3086 filius
788 3046 1005 3094 Michaelis,
1028 3050 1118 3092 155,
1134 3043 1228 3091 269,
1249 3048 1341 3093 380,
1640 3042 1856 3082 vicecomes
1875 3042 1980 3080 de—
1998 3041 2246 3087 Willielmus‚
2275 3047 2365 3088 249.

433 2803 649 2814 Ι

722 3106 813 3147 381,
834 3107 925 3146 393.
1489 3096 1768 3147 Karnebehyn,
1790 3095 1978 3147 Ricardus
1993 3094 2096 3133 de—
2123 3100 2215 3138 277.

433 3180 539 3189 ——
667 3155 770 3193 filius
793 3155 957 3206 Rothry,
988 3158 1079 3199 349.
1490 3151 1658 3204 Karnys‚
1679 3150 1854 3201 (Karnis,
1881 3149 2063 3199 Carnys‚)
2094 3147 2395 3187 Thomasde—

666 3209 769 3247 filius
788 3208 962 3254 Walteri,
992 3212 1084 3246 345.
1723 3204 1740 3250 (
1743 3202 1916 3247 notarius
1929 3201 2147 3253 publicus,)
2160 3207 2196 3248 5,
2206 3201 2395 3252 (officialis

667 3262 769 3301 filius
788 3262 1009 3308 Wenemer,
1039 3260 1130 3301 269.
1722 3257 1830 3296 curie
1844 3255 1974 3295 Sancti
1990 3255 2182 3307 Andree,)
2197 3254 2234 3302 6,
2255 3256 2399 3305 (rector

432 3342 538 3352 ---
654 3317 784 3357 frater
802 3315 1030 3363 Alexandri,
1060 3319 1150 3355 321.
1709 3309 1942 3357 ,ecelefiede
1961 3309 2113 3362 Seton,)
2144 3315 2206 3357 11,
2230 3313 2292 3356 14,
2317 3314 2377 3355 19.

1922 3376 1944 3402 0
